,DateTime,Action,Volume,Price,AggressorAction,AggressorBroker
0,2021-10-18T06:39:24Z,Insert,1.0,125.15,Sell,EEX
1,2021-10-18T06:39:28Z,Insert,1.0,125.00,Sell,EEX
2,2021-10-18T06:51:19Z,Insert,1.0,125.15,Sell,EEX
3,2021-10-18T06:51:25.504Z,Update,1.0,125.25,Sell,Tradition
4,2021-10-18T06:51:25Z,Update,1.0,125.25,Sell,Tradition
5,2021-10-18T06:51:44Z,Update,1.0,125.25,Buy,Tradition
6,2021-10-18T06:51:44Z,Update,1.0,125.25,Sell,Tradition
7,2021-10-18T06:53:03Z,Insert,1.0,125.25,Sell,EEX
8,2021-10-18T07:05:38.061Z,Update,1.0,125.85,Sell,Tradition
9,2021-10-18T07:05:41.077Z,Update,1.0,125.85,Sell,Tradition
10,2021-10-18T07:05:41.092Z,Update,1.0,125.85,Sell,Tradition
11,2021-10-18T07:05:41.17Z,Update,1.0,125.85,Sell,Tradition
12,2021-10-18T07:05:44Z,Insert,1.0,125.80,Sell,EEX
13,2021-10-18T07:06:01.077Z,Update,1.0,125.40,Sell,Tradition
14,2021-10-18T07:06:03.786Z,Update,1.0,125.30,Sell,Marex Spectron
15,2021-10-18T07:06:06Z,Insert,1.0,125.25,Sell,EEX
16,2021-10-18T07:06:12Z,Insert,2.0,125.00,Sell,EEX
17,2021-10-18T07:16:24Z,Insert,3.0,126.25,Sell,EEX
18,2021-10-18T07:16:42Z,Insert,1.0,126.50,Sell,EEX
19,2021-10-18T07:21:11.575Z,Update,1.0,126.00,Buy,Tullett Prebon
20,2021-10-18T07:32:04.317Z,Update,2.0,127.00,Buy,Tradition
21,2021-10-18T07:32:05Z,Insert,1.0,127.00,Sell,EEX
22,2021-10-18T07:32:18Z,Insert,1.0,126.00,Sell,EEX
23,2021-10-18T07:33:32Z,Insert,1.0,126.00,Sell,EEX
24,2021-10-18T07:40:21Z,Insert,1.0,127.00,Sell,EEX
25,2021-10-18T07:42:19.798Z,Update,1.0,127.25,Sell,Tradition
26,2021-10-18T07:42:26.715Z,Update,1.0,127.25,Buy,Arraco Global Markets
27,2021-10-18T07:45:04.573Z,Update,1.0,127.25,Buy,Arraco Global Markets
28,2021-10-18T07:46:51Z,Insert,1.0,128.00,Sell,EEX
29,2021-10-18T07:46:55.952Z,Update,2.0,128.00,Buy,Marex Spectron
30,2021-10-18T07:55:00.59Z,Update,1.0,128.00,Sell,Tradition
31,2021-10-18T07:59:51.732Z,Update,1.0,128.40,Buy,ICAP
32,2021-10-18T07:59:55.998Z,Update,1.0,128.50,Buy,Marex Spectron
33,2021-10-18T07:59:56.151Z,Update,1.0,128.50,Sell,Tradition
34,2021-10-18T08:05:22.998Z,Update,1.0,128.50,Buy,Tullett Prebon
35,2021-10-18T08:12:04Z,Insert,2.0,128.25,Sell,EEX
36,2021-10-18T08:13:47.889Z,Update,1.0,128.25,Buy,Tullett Prebon
37,2021-10-18T08:13:51.222Z,Update,1.0,128.25,Buy,Tullett Prebon
38,2021-10-18T08:16:30Z,Insert,1.0,128.25,Sell,EEX
39,2021-10-18T08:17:50Z,Insert,1.0,128.50,Sell,EEX
40,2021-10-18T08:20:53Z,Insert,1.0,128.50,Sell,EEX
41,2021-10-18T08:21:33.483Z,Update,1.0,128.25,Sell,GFI
42,2021-10-18T08:23:27.718Z,Update,1.0,128.50,Buy,Tullett Prebon
43,2021-10-18T08:23:31Z,Update,1.0,128.50,Buy,Tullett Prebon
44,2021-10-18T08:23:34.422Z,Update,1.0,128.50,Buy,Tullett Prebon
45,2021-10-18T08:25:37.075Z,Update,1.0,128.50,Buy,Tullett Prebon
46,2021-10-18T08:28:50Z,Insert,2.0,129.00,Sell,EEX
47,2021-10-18T08:29:01Z,Insert,1.0,129.25,Sell,EEX
48,2021-10-18T08:30:00Z,Insert,5.0,129.00,Buy,GFI
49,2021-10-18T08:35:16Z,Insert,1.0,128.90,Sell,EEX
50,2021-10-18T08:41:59Z,Insert,1.0,129.00,Sell,EEX
51,2021-10-18T08:41:59Z,Insert,1.0,129.00,Sell,EEX
52,2021-10-18T08:42:00Z,Insert,1.0,129.00,Sell,EEX
53,2021-10-18T08:42:00Z,Insert,1.0,129.00,Sell,EEX
54,2021-10-18T08:42:01Z,Insert,1.0,129.00,Sell,EEX
55,2021-10-18T08:43:14Z,Insert,1.0,129.00,Sell,EEX
56,2021-10-18T08:44:47Z,Insert,1.0,129.00,Sell,EEX
57,2021-10-18T08:45:00Z,Update,5.0,129.25,Sell,GFI
58,2021-10-18T08:47:29.399Z,Update,1.0,129.00,Sell,Tradition
59,2021-10-18T08:47:47.008Z,Update,1.0,129.00,Sell,Tradition
60,2021-10-18T08:48:22.118Z,Update,1.0,128.65,Sell,GFI
61,2021-10-18T08:48:23.383Z,Update,1.0,128.50,Sell,Tradition
62,2021-10-18T08:49:29.08Z,Update,1.0,128.50,Sell,Tullett Prebon
63,2021-10-18T08:54:13.333Z,Update,1.0,128.50,Sell,Tullett Prebon
64,2021-10-18T08:56:22.524Z,Update,1.0,128.50,Sell,Tullett Prebon
65,2021-10-18T09:00:46Z,Insert,1.0,128.50,Sell,EEX
66,2021-10-18T09:00:46Z,Insert,1.0,128.50,Sell,EEX
67,2021-10-18T09:00:46Z,Insert,1.0,128.50,Sell,EEX
68,2021-10-18T09:02:23.96Z,Update,1.0,128.75,Buy,GFI
69,2021-10-18T09:02:48.463Z,Update,1.0,128.75,Buy,Tullett Prebon
70,2021-10-18T09:02:54Z,Insert,1.0,129.00,Sell,EEX
71,2021-10-18T09:02:57Z,Insert,1.0,129.00,Sell,EEX
72,2021-10-18T09:07:43Z,Insert,3.0,129.00,Sell,EEX
73,2021-10-18T09:14:24.448Z,Update,1.0,129.00,Buy,Tullett Prebon
74,2021-10-18T09:17:00Z,Update,10.0,129.00,Sell,GFI
75,2021-10-18T09:17:00Z,Insert,10.0,129.00,Sell,GFI
76,2021-10-18T09:17:00Z,Insert,10.0,129.00,Buy,GFI
77,2021-10-18T09:17:00Z,Insert,10.0,129.00,Sell,GFI
78,2021-10-18T09:27:02.791Z,Update,1.0,129.00,Sell,CIMD
79,2021-10-18T09:27:37Z,Insert,1.0,129.00,Sell,EEX
80,2021-10-18T09:28:04.865Z,Update,5.0,129.00,Sell,ICAP
81,2021-10-18T09:37:34.075Z,Update,1.0,129.00,Buy,CIMD
82,2021-10-18T09:38:40Z,Insert,1.0,129.10,Sell,EEX
83,2021-10-18T09:38:51.6Z,Update,1.0,129.05,Sell,ICAP
84,2021-10-18T09:38:51Z,Insert,1.0,129.14,Sell,EEX
85,2021-10-18T09:38:57Z,Insert,5.0,129.15,Sell,EEX
86,2021-10-18T09:39:08.998Z,Insert,1.0,129.15,Buy,Marex Spectron
87,2021-10-18T09:39:22Z,Insert,1.0,129.25,Sell,EEX
88,2021-10-18T09:43:51.803Z,Insert,1.0,129.50,Sell,Marex Spectron
89,2021-10-18T09:45:26Z,Insert,1.0,129.95,Sell,EEX
90,2021-10-18T09:46:34.835Z,Update,1.0,130.00,Buy,GFI
91,2021-10-18T09:52:05Z,Insert,1.0,130.00,Sell,EEX
92,2021-10-18T09:56:58.903Z,Insert,1.0,129.50,Sell,Marex Spectron
93,2021-10-18T09:56:58Z,Insert,1.0,129.50,Sell,EEX
94,2021-10-18T09:56:59.387Z,Insert,1.0,129.50,Sell,Marex Spectron
95,2021-10-18T09:56:59.899Z,Insert,1.0,129.50,Sell,Marex Spectron
96,2021-10-18T09:57:00.417Z,Insert,1.0,129.50,Sell,Marex Spectron
97,2021-10-18T09:57:03.62Z,Update,3.0,129.35,Sell,GFI
98,2021-10-18T09:57:06Z,Insert,1.0,129.00,Sell,EEX
99,2021-10-18T09:58:50.035Z,Insert,1.0,129.50,Buy,Marex Spectron
100,2021-10-18T09:58:54Z,Insert,1.0,129.75,Sell,EEX
101,2021-10-18T10:00:46Z,Insert,1.0,131.00,Sell,EEX
102,2021-10-18T10:01:01.051Z,Update,1.0,131.10,Buy,GFI
103,2021-10-18T10:01:24Z,Insert,1.0,132.00,Sell,EEX
104,2021-10-18T10:02:39.729Z,Insert,2.0,134.50,Buy,Marex Spectron
105,2021-10-18T10:02:43Z,Insert,1.0,134.75,Sell,EEX
106,2021-10-18T10:02:44Z,Insert,1.0,135.00,Sell,EEX
107,2021-10-18T10:05:19.534Z,Update,1.0,135.00,Sell,Tradition
108,2021-10-18T10:05:23.312Z,Update,1.0,135.00,Buy,Marex Spectron
109,2021-10-18T10:06:16Z,Insert,1.0,135.00,Sell,EEX
110,2021-10-18T10:08:41.653Z,Update,1.0,134.50,Sell,Tullett Prebon
111,2021-10-18T10:09:48.61Z,Update,1.0,135.00,Sell,Tradition
112,2021-10-18T10:09:48.637Z,Update,1.0,135.00,Buy,Marex Spectron
113,2021-10-18T10:09:48.648Z,Update,1.0,135.00,Buy,Tullett Prebon
114,2021-10-18T10:09:48Z,Insert,1.0,135.00,Buy,EEX
115,2021-10-18T10:10:12.404Z,Update,1.0,135.00,Buy,ICAP
116,2021-10-18T10:13:53.852Z,Update,1.0,135.00,Buy,GFI
117,2021-10-18T10:15:06.438Z,Insert,2.0,135.00,Buy,Marex Spectron
118,2021-10-18T10:15:08.299Z,Update,1.0,135.00,Buy,GFI
119,2021-10-18T10:15:33.239Z,Update,1.0,135.50,Sell,Arraco Global Markets
120,2021-10-18T10:16:38.967Z,Update,1.0,136.00,Buy,Tradition
121,2021-10-18T10:16:41.186Z,Update,1.0,136.00,Buy,Tradition
122,2021-10-18T10:20:54Z,Insert,1.0,135.50,Sell,EEX
123,2021-10-18T10:21:10.091Z,Insert,1.0,135.50,Sell,ICAP
124,2021-10-18T10:22:19Z,Insert,1.0,136.12,Sell,EEX
125,2021-10-18T10:24:00Z,Insert,1.0,135.62,Sell,EEX
126,2021-10-18T10:24:08.666Z,Update,1.0,135.50,Buy,GFI
127,2021-10-18T10:24:24Z,Insert,1.0,135.50,Sell,EEX
128,2021-10-18T10:24:37.593Z,Insert,2.0,136.00,Buy,Tullett Prebon
129,2021-10-18T10:25:04.402Z,Update,1.0,135.65,Buy,Tradition
130,2021-10-18T10:25:06.118Z,Update,1.0,135.50,Sell,Tullett Prebon
131,2021-10-18T10:25:06Z,Insert,1.0,135.50,Sell,EEX
132,2021-10-18T10:25:08.666Z,Update,1.0,136.00,Sell,CIMD
133,2021-10-18T10:27:28.696Z,Update,1.0,135.00,Sell,Marex Spectron
134,2021-10-18T10:29:20Z,Insert,1.0,134.50,Sell,EEX
135,2021-10-18T10:29:25Z,Insert,1.0,134.00,Sell,EEX
136,2021-10-18T10:30:15Z,Insert,1.0,133.50,Sell,EEX
137,2021-10-18T10:37:05.97Z,Update,1.0,134.20,Buy,Tullett Prebon
138,2021-10-18T10:37:08.954Z,Update,1.0,134.10,Buy,Tullett Prebon
139,2021-10-18T10:37:12.162Z,Update,2.0,134.05,Sell,GFI
140,2021-10-18T10:37:13Z,Insert,1.0,134.00,Sell,EEX
141,2021-10-18T10:37:16.661Z,Update,2.0,133.75,Sell,GFI
142,2021-10-18T10:37:17.619Z,Update,1.0,133.75,Buy,ICAP
143,2021-10-18T10:40:38Z,Insert,1.0,133.50,Sell,EEX
144,2021-10-18T10:40:46Z,Insert,1.0,133.50,Sell,EEX
145,2021-10-18T10:40:49.286Z,Update,1.0,133.50,Sell,GFI
146,2021-10-18T10:42:30.423Z,Insert,1.0,133.50,Sell,Griffin Markets Europe SAS
147,2021-10-18T10:42:30.423Z,Insert,1.0,133.50,Sell,Griffin Markets Europe SAS
148,2021-10-18T10:43:11Z,Insert,1.0,133.50,Sell,EEX
149,2021-10-18T10:43:11Z,Insert,1.0,133.50,Sell,EEX
150,2021-10-18T10:43:15.892Z,Update,2.0,133.50,Buy,Griffin Markets Europe SAS
151,2021-10-18T10:45:45Z,Insert,1.0,133.50,Sell,EEX
152,2021-10-18T10:50:15.871Z,Update,1.0,134.50,Sell,Arraco Global Markets
153,2021-10-18T10:50:17.154Z,Update,1.0,134.50,Buy,Griffin Markets Europe SAS
154,2021-10-18T10:50:18Z,Insert,1.0,134.50,Sell,EEX
155,2021-10-18T10:50:23.28Z,Insert,1.0,134.50,Sell,Griffin Markets Europe SAS
156,2021-10-18T10:50:23.28Z,Insert,1.0,134.50,Sell,Griffin Markets Europe SAS
157,2021-10-18T10:50:46.867Z,Update,3.0,134.50,Buy,Griffin Markets Europe SAS
158,2021-10-18T10:52:07Z,Insert,1.0,135.00,Sell,EEX
159,2021-10-18T10:52:12Z,Insert,1.0,135.10,Sell,EEX
160,2021-10-18T10:55:36.248Z,Update,1.0,134.60,Sell,Tullett Prebon
161,2021-10-18T10:55:41.609Z,Insert,1.0,134.50,Sell,Marex Spectron
162,2021-10-18T11:12:50Z,Insert,2.0,134.25,Sell,EEX
163,2021-10-18T11:15:04Z,Insert,1.0,133.75,Sell,EEX
164,2021-10-18T11:16:02.946Z,Update,1.0,133.00,Sell,Tradition
165,2021-10-18T11:16:02Z,Insert,2.0,133.00,Sell,EEX
166,2021-10-18T11:17:23.492Z,Update,1.0,133.00,Sell,Tradition
167,2021-10-18T11:18:56Z,Insert,1.0,133.25,Sell,EEX
168,2021-10-18T11:18:59Z,Insert,1.0,133.25,Sell,EEX
169,2021-10-18T11:20:43.134Z,Update,1.0,132.76,Sell,Marex Spectron
170,2021-10-18T11:20:43Z,Insert,1.0,132.75,Buy,EEX
171,2021-10-18T11:20:49Z,Insert,1.0,132.50,Sell,EEX
172,2021-10-18T11:20:59Z,Insert,1.0,132.40,Sell,EEX
173,2021-10-18T11:32:03Z,Insert,1.0,132.25,Sell,EEX
174,2021-10-18T11:34:41Z,Insert,1.0,132.25,Sell,EEX
175,2021-10-18T11:45:15.17Z,Update,1.0,132.05,Sell,Tradition
176,2021-10-18T11:45:16.576Z,Update,1.0,132.05,Sell,Tradition
177,2021-10-18T11:45:19.503Z,Update,2.0,132.00,Sell,GFI
178,2021-10-18T11:47:49Z,Insert,2.0,131.25,Sell,EEX
179,2021-10-18T11:50:13.741Z,Update,1.0,131.75,Sell,ICAP
180,2021-10-18T11:50:16Z,Insert,1.0,131.75,Sell,EEX
181,2021-10-18T11:54:30Z,Insert,1.0,132.25,Sell,EEX
182,2021-10-18T11:54:31Z,Insert,1.0,132.25,Sell,EEX
183,2021-10-18T11:54:32Z,Insert,1.0,132.00,Sell,EEX
184,2021-10-18T11:58:18Z,Insert,1.0,131.50,Sell,EEX
185,2021-10-18T11:58:38.053Z,Update,1.0,131.25,Sell,Arraco Global Markets
186,2021-10-18T12:00:19Z,Insert,1.0,131.00,Sell,EEX
187,2021-10-18T12:00:41Z,Insert,1.0,131.15,Sell,EEX
188,2021-10-18T12:02:05.696Z,Update,1.0,130.65,Buy,Marex Spectron
189,2021-10-18T12:02:19Z,Insert,1.0,131.00,Sell,EEX
190,2021-10-18T12:02:23Z,Insert,1.0,131.00,Sell,EEX
191,2021-10-18T12:02:26Z,Insert,1.0,131.00,Sell,EEX
192,2021-10-18T12:02:54Z,Insert,1.0,131.00,Sell,EEX
193,2021-10-18T12:07:00Z,Update,1.0,131.00,Sell,GFI
194,2021-10-18T12:07:14.173Z,Update,1.0,131.00,Sell,GFI
195,2021-10-18T12:08:28Z,Insert,1.0,130.70,Sell,EEX
196,2021-10-18T12:18:44Z,Insert,2.0,131.75,Sell,EEX
197,2021-10-18T12:21:37Z,Insert,2.0,131.50,Sell,EEX
198,2021-10-18T12:31:27.41Z,Update,1.0,132.000,Sell,Griffin Markets Europe SAS
199,2021-10-18T12:31:33.877Z,Update,1.0,132.000,Sell,Griffin Markets Europe SAS
200,2021-10-18T12:31:34.056Z,Update,1.0,132.000,Sell,Griffin Markets Europe SAS
201,2021-10-18T12:31:36.455Z,Update,1.0,132.000,Sell,Griffin Markets Europe SAS
202,2021-10-18T12:31:36.677Z,Update,1.0,132.000,Sell,Griffin Markets Europe SAS
203,2021-10-18T12:31:47.589Z,Update,1.0,132.000,Sell,Griffin Markets Europe SAS
204,2021-10-18T12:33:14Z,Insert,1.0,131.60,Sell,EEX
205,2021-10-18T12:33:21.481Z,Update,1.0,131.70,Sell,Tradition
206,2021-10-18T12:37:19.948Z,Update,1.0,131.70,Sell,Tradition
207,2021-10-18T12:37:23Z,Insert,1.0,131.60,Sell,EEX
208,2021-10-18T12:37:49Z,Insert,1.0,131.50,Sell,EEX
209,2021-10-18T12:38:13.026Z,Update,1.0,131.10,Sell,Tradition
210,2021-10-18T12:39:54.338Z,Update,1.0,131.00,Sell,GFI
211,2021-10-18T12:39:54Z,Insert,1.0,131.00,Buy,EEX
212,2021-10-18T12:40:02.01Z,Update,1.0,130.70,Sell,Tradition
213,2021-10-18T12:40:04.842Z,Update,1.0,130.50,Sell,Tullett Prebon
214,2021-10-18T12:40:11Z,Insert,1.0,130.25,Sell,EEX
215,2021-10-18T12:40:17.728Z,Update,1.0,130.50,Sell,Arraco Global Markets
216,2021-10-18T12:40:18.207Z,Update,1.0,130.25,Buy,Marex Spectron
217,2021-10-18T12:40:39.529Z,Update,1.0,130.25,Sell,Tullett Prebon
218,2021-10-18T12:40:44Z,Insert,1.0,130.25,Sell,EEX
219,2021-10-18T12:40:53.487Z,Update,1.0,130.25,Sell,GFI
220,2021-10-18T12:40:56.374Z,Update,1.0,130.25,Sell,Tullett Prebon
221,2021-10-18T12:40:59.374Z,Update,1.0,130.25,Sell,Tullett Prebon
222,2021-10-18T12:40:59.624Z,Update,1.0,130.25,Sell,Tullett Prebon
223,2021-10-18T12:40:59.781Z,Update,1.0,130.25,Sell,Tullett Prebon
224,2021-10-18T12:41:00Z,Insert,1.0,130.25,Sell,EEX
225,2021-10-18T12:41:33Z,Insert,1.0,131.00,Sell,EEX
226,2021-10-18T12:41:37.612Z,Update,1.0,130.25,Sell,GFI
227,2021-10-18T12:41:51.335Z,Update,2.0,131.000,Sell,Griffin Markets Europe SAS
228,2021-10-18T12:42:04.102Z,Update,1.0,131.000,Sell,Griffin Markets Europe SAS
229,2021-10-18T12:42:07.689Z,Update,1.0,131.000,Sell,Griffin Markets Europe SAS
230,2021-10-18T12:43:12.024Z,Update,1.0,131.00,Sell,Tradition
231,2021-10-18T12:44:16.264Z,Update,1.0,131.00,Sell,Marex Spectron
232,2021-10-18T12:46:26.5Z,Update,2.0,130.75,Sell,Arraco Global Markets
233,2021-10-18T12:48:24Z,Insert,1.0,130.50,Sell,EEX
234,2021-10-18T12:48:48Z,Insert,1.0,130.25,Sell,EEX
235,2021-10-18T12:49:05Z,Insert,2.0,130.25,Sell,EEX
236,2021-10-18T12:49:12.824Z,Update,1.0,130.50,Sell,Marex Spectron
237,2021-10-18T12:56:11Z,Insert,1.0,131.00,Sell,EEX
238,2021-10-18T12:56:13Z,Insert,1.0,131.00,Sell,EEX
239,2021-10-18T12:59:12.291Z,Update,3.0,130.75,Sell,Arraco Global Markets
240,2021-10-18T13:02:11Z,Insert,1.0,131.25,Sell,EEX
241,2021-10-18T13:02:49Z,Insert,1.0,131.50,Sell,EEX
242,2021-10-18T13:02:55Z,Insert,2.0,131.60,Sell,EEX
243,2021-10-18T13:05:51.448Z,Update,1.0,131.00,Sell,Tullett Prebon
244,2021-10-18T13:09:16Z,Insert,1.0,130.25,Sell,EEX
245,2021-10-18T13:09:22.739Z,Update,1.0,130.25,Sell,ICAP
246,2021-10-18T13:14:52Z,Insert,1.0,130.20,Sell,EEX
247,2021-10-18T13:15:44Z,Insert,1.0,130.50,Sell,EEX
248,2021-10-18T13:16:44Z,Insert,1.0,130.20,Sell,EEX
249,2021-10-18T13:17:14.342Z,Update,1.0,130.00,Sell,GFI
250,2021-10-18T13:17:19Z,Insert,1.0,129.70,Sell,EEX
251,2021-10-18T13:17:21.153Z,Update,1.0,129.50,Sell,Tradition
252,2021-10-18T13:17:51Z,Insert,1.0,129.40,Sell,EEX
253,2021-10-18T13:17:54Z,Insert,1.0,129.40,Sell,EEX
254,2021-10-18T13:17:54Z,Insert,1.0,129.40,Sell,EEX
255,2021-10-18T13:17:55Z,Insert,1.0,129.40,Sell,EEX
256,2021-10-18T13:17:55Z,Insert,1.0,129.40,Sell,EEX
257,2021-10-18T13:17:56Z,Insert,1.0,129.40,Sell,EEX
258,2021-10-18T13:18:00Z,Insert,1.0,129.00,Sell,EEX
259,2021-10-18T13:18:08.982Z,Update,1.0,129.00,Sell,Tullett Prebon
260,2021-10-18T13:18:19Z,Insert,1.0,128.50,Sell,EEX
261,2021-10-18T13:18:49.839Z,Update,1.0,128.50,Sell,Arraco Global Markets
262,2021-10-18T13:20:00Z,Update,5.0,130.25,Buy,GFI
263,2021-10-18T13:20:03Z,Insert,1.0,128.00,Sell,EEX
264,2021-10-18T13:20:49Z,Insert,1.0,127.50,Sell,EEX
265,2021-10-18T13:20:51Z,Insert,2.0,127.50,Sell,EEX
266,2021-10-18T13:20:51Z,Insert,1.0,127.50,Sell,EEX
267,2021-10-18T13:21:06.748Z,Insert,1.0,130.00,Sell,ICAP
268,2021-10-18T13:24:18Z,Insert,25.0,128.75,Sell,ICAP
269,2021-10-18T13:28:30.941Z,Update,1.0,128.10,Sell,ICAP
270,2021-10-18T13:28:34Z,Insert,1.0,128.05,Sell,EEX
271,2021-10-18T13:29:01.993Z,Update,1.0,128.00,Sell,GFI
272,2021-10-18T13:29:10.32Z,Update,1.0,127.75,Buy,Tullett Prebon
273,2021-10-18T13:30:43.896Z,Insert,75.0,128.05,Sell,Tullett Prebon
274,2021-10-18T13:30:43.896Z,Update,75.0,128.05,Sell,Tullett Prebon
275,2021-10-18T13:30:58Z,Insert,1.0,128.00,Sell,EEX
276,2021-10-18T13:31:01Z,Insert,1.0,128.00,Sell,EEX
277,2021-10-18T13:31:04Z,Insert,1.0,128.00,Sell,EEX
278,2021-10-18T13:34:10Z,Insert,1.0,128.00,Sell,EEX
279,2021-10-18T13:34:25Z,Insert,1.0,128.00,Sell,EEX
280,2021-10-18T13:34:36Z,Insert,1.0,127.75,Sell,EEX
281,2021-10-18T13:37:22.395Z,Update,1.0,127.90,Sell,Tradition
282,2021-10-18T13:37:24.3Z,Insert,1.0,127.90,Sell,Griffin Markets Europe SAS
283,2021-10-18T13:37:24.3Z,Insert,1.0,127.90,Sell,Griffin Markets Europe SAS
284,2021-10-18T13:37:44.575Z,Update,2.0,127.90,Sell,Arraco Global Markets
285,2021-10-18T13:38:41.06Z,Update,3.0,127.90,Sell,Arraco Global Markets
286,2021-10-18T13:40:26Z,Insert,1.0,127.80,Sell,EEX
287,2021-10-18T13:40:30Z,Insert,1.0,127.80,Sell,EEX
288,2021-10-18T13:41:18.89Z,Update,1.0,127.70,Sell,GFI
289,2021-10-18T13:41:18Z,Insert,1.0,127.60,Sell,EEX
290,2021-10-18T13:41:32Z,Insert,1.0,127.70,Sell,EEX
291,2021-10-18T13:42:51.221Z,Update,1.0,127.25,Sell,Tradition
292,2021-10-18T13:42:59.518Z,Update,1.0,127.25,Sell,Tradition
293,2021-10-18T13:43:02.909Z,Update,1.0,127.00,Sell,Tradition
294,2021-10-18T13:43:04.987Z,Update,1.0,127.00,Sell,Tradition
295,2021-10-18T13:43:14Z,Insert,1.0,127.00,Sell,EEX
296,2021-10-18T13:43:53Z,Insert,1.0,127.00,Sell,EEX
297,2021-10-18T13:44:17Z,Insert,2.0,127.00,Sell,EEX
298,2021-10-18T13:44:20Z,Insert,1.0,127.00,Sell,EEX
299,2021-10-18T13:44:22Z,Insert,1.0,127.00,Sell,EEX
300,2021-10-18T13:47:41Z,Insert,1.0,127.00,Sell,EEX
301,2021-10-18T13:51:33.745Z,Update,2.0,126.95,Sell,Marex Spectron
302,2021-10-18T13:51:40Z,Insert,1.0,127.00,Sell,EEX
303,2021-10-18T13:51:40Z,Insert,1.0,127.00,Sell,EEX
304,2021-10-18T13:52:00Z,Insert,25.0,127.40,Sell,Tullett Prebon
305,2021-10-18T13:52:11Z,Update,25.0,127.40,Sell,Tullett Prebon
306,2021-10-18T13:52:19Z,Insert,1.0,127.40,Sell,EEX
307,2021-10-18T13:52:21Z,Insert,1.0,127.40,Sell,EEX
308,2021-10-18T13:53:19Z,Update,1.0,127.40,Buy,Marex Spectron
309,2021-10-18T13:54:04Z,Update,1.0,127.40,Sell,Marex Spectron
310,2021-10-18T13:57:58.916Z,Update,1.0,127.50,Sell,ICAP
311,2021-10-18T13:58:44Z,Insert,1.0,127.40,Sell,EEX
312,2021-10-18T13:58:47Z,Insert,1.0,127.40,Sell,EEX
313,2021-10-18T13:58:55Z,Insert,1.0,127.00,Sell,EEX
314,2021-10-18T13:59:01.533Z,Update,1.0,127.10,Sell,ICAP
315,2021-10-18T13:59:49Z,Insert,1.0,127.00,Sell,EEX
316,2021-10-18T14:00:12.621Z,Update,1.0,127.00,Sell,Tradition
317,2021-10-18T14:00:12Z,Update,1.0,127.00,Sell,Tradition
318,2021-10-18T14:00:24.824Z,Update,1.0,127.000,Buy,Griffin Markets Europe SAS
319,2021-10-18T14:05:46Z,Insert,1.0,127.00,Sell,EEX
320,2021-10-18T14:06:10Z,Insert,1.0,127.00,Sell,EEX
321,2021-10-18T14:06:14Z,Update,2.0,127.00,Sell,Tullett Prebon
322,2021-10-18T14:06:14Z,Insert,1.0,127.00,Sell,EEX
323,2021-10-18T14:06:17Z,Insert,1.0,127.00,Sell,EEX
324,2021-10-18T14:07:10Z,Insert,1.0,126.50,Sell,EEX
325,2021-10-18T14:07:16.142Z,Update,1.0,126.75,Sell,ICAP
326,2021-10-18T14:07:20Z,Insert,1.0,126.75,Sell,EEX
327,2021-10-18T14:07:33.488Z,Update,2.0,126.75,Sell,ICAP
328,2021-10-18T14:07:48Z,Insert,1.0,126.45,Sell,EEX
329,2021-10-18T14:08:03Z,Insert,1.0,126.50,Sell,EEX
330,2021-10-18T14:08:19.465Z,Update,2.0,126.80,Sell,CIMD
331,2021-10-18T14:08:42.723Z,Update,1.0,126.50,Sell,Tullett Prebon
332,2021-10-18T14:09:14Z,Update,2.0,126.60,Sell,Marex Spectron
333,2021-10-18T14:10:06Z,Insert,1.0,126.50,Sell,EEX
334,2021-10-18T14:10:57Z,Insert,1.0,126.50,Sell,EEX
335,2021-10-18T14:10:57Z,Insert,1.0,126.50,Sell,EEX
336,2021-10-18T14:13:51Z,Insert,1.0,126.75,Sell,EEX
337,2021-10-18T14:14:44Z,Insert,2.0,127.00,Sell,EEX
338,2021-10-18T14:14:47Z,Insert,1.0,127.00,Sell,EEX
339,2021-10-18T14:16:29Z,Insert,1.0,127.00,Sell,EEX
340,2021-10-18T14:27:44.096Z,Update,1.0,127.50,Sell,Tradition
341,2021-10-18T14:27:52.299Z,Update,1.0,127.00,Sell,Tradition
342,2021-10-18T14:27:53Z,Insert,1.0,127.00,Sell,EEX
343,2021-10-18T14:43:01Z,Insert,1.0,127.00,Sell,EEX
344,2021-10-18T14:44:12.148Z,Update,1.0,126.60,Sell,Arraco Global Markets
345,2021-10-18T14:45:13Z,Update,1.0,126.65,Sell,Marex Spectron
346,2021-10-18T14:45:31Z,Update,1.0,126.65,Sell,Marex Spectron
347,2021-10-18T14:48:16.748Z,Update,1.0,126.30,Sell,Tullett Prebon
348,2021-10-18T14:48:19Z,Insert,1.0,126.30,Buy,Tullett Prebon
349,2021-10-18T14:48:19Z,Insert,1.0,126.30,Buy,Tullett Prebon
350,2021-10-18T14:50:00.271Z,Update,1.0,126.25,Sell,ICAP
351,2021-10-18T14:51:51.225Z,Update,1.0,126.25,Sell,Tullett Prebon
352,2021-10-18T15:04:46Z,Insert,2.0,127.00,Sell,EEX
353,2021-10-18T15:04:49.586Z,Update,1.0,127.00,Buy,Marex Spectron
354,2021-10-18T15:05:00.489Z,Update,1.0,127.00,Buy,Tradition
355,2021-10-18T15:16:19.499Z,Update,1.0,126.50,Sell,Tullett Prebon
356,2021-10-18T15:20:06Z,Insert,1.0,126.50,Sell,EEX
357,2021-10-18T15:20:06Z,Update,1.0,126.50,Sell,Tradition
358,2021-10-18T15:20:53.624Z,Update,1.0,126.25,Sell,Tradition
359,2021-10-18T15:20:53.718Z,Update,1.0,126.25,Sell,Tradition
360,2021-10-18T15:20:53.796Z,Update,1.0,126.25,Sell,Tradition
361,2021-10-18T15:20:54.732Z,Update,1.0,126.50,Sell,Griffin Markets Europe SAS
362,2021-10-18T15:21:00Z,Insert,1.0,126.10,Sell,EEX
363,2021-10-18T15:21:05.463Z,Update,1.0,126.000,Sell,Griffin Markets Europe SAS
364,2021-10-18T15:21:06.096Z,Update,2.0,126.000,Sell,Griffin Markets Europe SAS
365,2021-10-18T15:21:07.278Z,Update,1.0,126.000,Sell,Griffin Markets Europe SAS
366,2021-10-18T15:21:13.438Z,Update,1.0,126.000,Sell,Griffin Markets Europe SAS
367,2021-10-18T15:21:13.449Z,Update,1.0,126.00,Sell,Griffin Markets Europe SAS
368,2021-10-18T15:21:13.468Z,Update,1.0,126.00,Sell,ICAP
369,2021-10-18T15:21:15Z,Insert,1.0,125.50,Sell,EEX
370,2021-10-18T15:21:39Z,Insert,1.0,125.00,Sell,EEX
371,2021-10-18T15:21:44.485Z,Update,2.0,125.00,Sell,Marex Spectron
372,2021-10-18T15:21:44.847Z,Update,1.0,125.00,Sell,Marex Spectron
373,2021-10-18T15:21:56Z,Insert,1.0,125.00,Sell,EEX
374,2021-10-18T15:21:58.621Z,Update,1.0,125.20,Sell,CIMD
375,2021-10-18T15:22:07Z,Insert,2.0,125.00,Sell,EEX
376,2021-10-18T15:22:18.718Z,Update,1.0,125.000,Sell,Griffin Markets Europe SAS
377,2021-10-18T15:22:21Z,Insert,1.0,125.00,Sell,EEX
378,2021-10-18T15:22:23Z,Insert,1.0,125.00,Sell,EEX
379,2021-10-18T15:22:25.209Z,Update,1.0,125.00,Sell,Tullett Prebon
380,2021-10-18T15:22:26Z,Insert,1.0,124.70,Sell,EEX
381,2021-10-18T15:22:51.762Z,Update,1.0,125.20,Sell,CIMD
382,2021-10-18T15:24:01Z,Insert,1.0,124.50,Sell,EEX
383,2021-10-18T15:24:01Z,Insert,2.0,125.00,Sell,EEX
384,2021-10-18T15:24:43Z,Insert,1.0,124.50,Sell,EEX
385,2021-10-18T15:24:46Z,Insert,1.0,124.50,Sell,EEX
386,2021-10-18T15:26:15.81Z,Update,1.0,124.75,Sell,Griffin Markets Europe SAS
387,2021-10-18T15:26:15Z,Insert,1.0,124.65,Sell,EEX
388,2021-10-18T15:27:37Z,Insert,1.0,124.10,Sell,EEX
389,2021-10-18T15:28:04Z,Insert,1.0,124.00,Sell,EEX
390,2021-10-18T15:28:16Z,Insert,1.0,124.00,Sell,EEX
391,2021-10-18T15:28:22.184Z,Update,2.0,124.00,Sell,Tradition
392,2021-10-18T15:28:23Z,Insert,1.0,124.00,Sell,EEX
393,2021-10-18T15:28:40.837Z,Update,5.0,124.50,Sell,Tullett Prebon
394,2021-10-18T15:31:49Z,Insert,1.0,124.00,Sell,EEX
395,2021-10-18T15:31:51.581Z,Update,1.0,124.10,Buy,GFI
396,2021-10-18T15:32:12.067Z,Update,1.0,124.00,Sell,ICAP
397,2021-10-18T15:33:37Z,Insert,1.0,123.50,Sell,EEX
398,2021-10-18T15:35:27Z,Insert,1.0,124.00,Sell,EEX
399,2021-10-18T15:36:43.215Z,Update,1.0,124.00,Sell,Tullett Prebon
400,2021-10-18T15:36:43Z,Insert,1.0,124.00,Sell,EEX
401,2021-10-18T15:40:09Z,Insert,1.0,123.90,Sell,EEX
402,2021-10-18T15:40:40Z,Update,1.0,124.00,Sell,Marex Spectron
403,2021-10-18T15:41:12.08Z,Insert,1.0,123.90,Sell,Marex Spectron
404,2021-10-18T15:41:17Z,Update,1.0,124.00,Sell,Marex Spectron
405,2021-10-18T15:47:49Z,Insert,1.0,123.75,Sell,EEX
406,2021-10-18T15:48:07.489Z,Update,1.0,123.50,Sell,Tradition
407,2021-10-18T15:48:45Z,Insert,1.0,123.00,Sell,EEX
408,2021-10-18T15:50:27.738Z,Update,1.0,123.00,Sell,Tradition
409,2021-10-18T15:53:30Z,Insert,1.0,122.55,Sell,EEX
410,2021-10-18T15:55:40Z,Insert,1.0,122.55,Sell,EEX
411,2021-10-18T15:55:43Z,Insert,1.0,122.55,Sell,EEX
412,2021-10-18T15:55:45Z,Insert,1.0,122.55,Sell,EEX
413,2021-10-18T15:55:58Z,Insert,1.0,122.55,Sell,EEX
414,2021-10-18T15:56:36Z,Insert,1.0,122.00,Sell,EEX
415,2021-10-18T15:56:36Z,Insert,2.0,122.00,Sell,EEX
416,2021-10-18T15:57:37.156Z,Update,1.0,122.50,Sell,Tullett Prebon
417,2021-10-18T15:58:08Z,Insert,1.0,122.00,Sell,EEX
418,2021-10-18T15:58:45.802Z,Update,1.0,122.00,Sell,Tullett Prebon
419,2021-10-18T15:59:44Z,Insert,1.0,122.00,Sell,EEX
420,2021-10-18T15:59:46Z,Insert,1.0,122.00,Sell,EEX
421,2021-10-18T15:59:56Z,Insert,1.0,122.00,Sell,EEX
