,DateTime,Action,Volume,Price,AggressorAction,AggressorBroker
0,2021-10-27T06:40:40Z,Insert,1.0,122.00,Sell,ICAP
1,2021-10-27T06:40:40Z,Insert,1.0,122.00,Sell,ICAP
2,2021-10-27T06:47:15.246Z,Update,2.0,122.00,Sell,Tradition
3,2021-10-27T06:47:18Z,Insert,2.0,121.75,Sell,EEX
4,2021-10-27T06:52:49Z,Insert,1.0,122.00,Sell,EEX
5,2021-10-27T06:55:31.869Z,Update,1.0,121.75,Sell,GFI
6,2021-10-27T06:59:18Z,Insert,1.0,121.75,Sell,EEX
7,2021-10-27T06:59:48.319Z,Update,1.0,121.75,Buy,Tradition
8,2021-10-27T06:59:51.965Z,Update,1.0,121.90,Buy,Tullett Prebon
9,2021-10-27T06:59:53Z,Insert,1.0,122.00,Sell,EEX
10,2021-10-27T07:15:10.723Z,Insert,4.0,122.00,Sell,Griffin Markets Europe SAS
11,2021-10-27T07:15:10.723Z,Update,4.0,122.000,Sell,Griffin Markets Europe SAS
12,2021-10-27T07:15:10.723Z,Insert,4.0,122.00,Sell,Griffin Markets Europe SAS
13,2021-10-27T07:34:15.746Z,Update,2.0,121.90,Sell,Arraco Global Markets
14,2021-10-27T07:35:18.135Z,Update,1.0,121.75,Sell,Tradition
15,2021-10-27T07:41:52.914Z,Update,1.0,121.75,Buy,Tradition
16,2021-10-27T07:41:52.942Z,Update,1.0,121.75,Sell,Griffin Markets Europe SAS
17,2021-10-27T07:41:52Z,Insert,1.0,121.75,Sell,EEX
18,2021-10-27T07:42:20Z,Insert,1.0,121.75,Sell,EEX
19,2021-10-27T07:43:30Z,Insert,1.0,121.50,Sell,EEX
20,2021-10-27T07:46:35Z,Insert,1.0,121.12,Sell,EEX
21,2021-10-27T07:47:03.387Z,Update,2.0,121.000,Sell,Griffin Markets Europe SAS
22,2021-10-27T07:47:07.757Z,Update,3.0,121.000,Sell,Griffin Markets Europe SAS
23,2021-10-27T07:49:08Z,Insert,1.0,121.00,Sell,EEX
24,2021-10-27T07:49:31Z,Insert,3.0,121.20,Sell,EEX
25,2021-10-27T07:50:03Z,Insert,2.0,121.00,Sell,EEX
26,2021-10-27T07:51:27.396Z,Update,1.0,121.00,Sell,Marex Spectron
27,2021-10-27T07:52:18Z,Insert,1.0,121.00,Sell,EEX
28,2021-10-27T07:52:35Z,Insert,1.0,121.00,Sell,EEX
29,2021-10-27T07:52:38.463Z,Update,1.0,121.00,Sell,Marex Spectron
30,2021-10-27T07:53:35Z,Insert,1.0,120.80,Sell,EEX
31,2021-10-27T07:57:05.494Z,Update,1.0,120.75,Sell,GFI
32,2021-10-27T07:57:08.431Z,Update,1.0,120.70,Sell,GFI
33,2021-10-27T07:57:12Z,Insert,1.0,120.50,Sell,EEX
34,2021-10-27T07:57:25Z,Insert,1.0,120.50,Sell,EEX
35,2021-10-27T07:59:10.335Z,Update,1.0,120.50,Sell,GFI
36,2021-10-27T07:59:34.017Z,Update,1.0,120.20,Buy,Tradition
37,2021-10-27T07:59:43Z,Insert,1.0,120.10,Sell,EEX
38,2021-10-27T07:59:49Z,Insert,1.0,120.05,Sell,EEX
39,2021-10-27T08:00:15Z,Insert,1.0,119.95,Sell,EEX
40,2021-10-27T08:00:20.285Z,Update,1.0,119.90,Sell,GFI
41,2021-10-27T08:00:24Z,Insert,1.0,119.34,Sell,EEX
42,2021-10-27T08:01:43Z,Insert,1.0,119.00,Sell,EEX
43,2021-10-27T08:01:44Z,Insert,1.0,119.00,Sell,EEX
44,2021-10-27T08:02:00.257Z,Update,1.0,119.00,Sell,Marex Spectron
45,2021-10-27T08:03:00Z,Update,1.0,118.05,Sell,Marex Spectron
46,2021-10-27T08:05:08Z,Insert,1.0,119.25,Sell,EEX
47,2021-10-27T08:05:10Z,Insert,1.0,119.25,Sell,EEX
48,2021-10-27T08:05:13Z,Insert,1.0,119.25,Sell,EEX
49,2021-10-27T08:08:45Z,Insert,1.0,119.25,Sell,EEX
50,2021-10-27T08:12:30Z,Insert,1.0,119.40,Sell,EEX
51,2021-10-27T08:15:00Z,Insert,1.0,118.80,Sell,Tullett Prebon
52,2021-10-27T08:15:00Z,Update,1.0,118.80,Buy,Tullett Prebon
53,2021-10-27T08:16:16.503Z,Update,1.0,119.25,Buy,Marex Spectron
54,2021-10-27T08:16:56Z,Insert,1.0,119.10,Sell,EEX
55,2021-10-27T08:17:34.928Z,Update,1.0,119.00,Sell,Tullett Prebon
56,2021-10-27T08:18:34.975Z,Update,2.0,118.90,Sell,Tullett Prebon
57,2021-10-27T08:18:41Z,Update,1.0,119.25,Sell,Marex Spectron
58,2021-10-27T08:18:51Z,Insert,1.0,119.00,Sell,EEX
59,2021-10-27T08:18:55Z,Insert,1.0,118.70,Sell,EEX
60,2021-10-27T08:19:23Z,Update,1.0,118.50,Sell,Tullett Prebon
61,2021-10-27T08:19:26Z,Insert,1.0,118.50,Buy,Tullett Prebon
62,2021-10-27T08:20:06Z,Insert,1.0,118.25,Sell,EEX
63,2021-10-27T08:20:24.017Z,Update,1.0,118.50,Buy,Marex Spectron
64,2021-10-27T08:21:39Z,Insert,1.0,118.25,Sell,EEX
65,2021-10-27T08:22:08Z,Insert,2.0,118.05,Sell,EEX
66,2021-10-27T08:22:08Z,Insert,2.0,118.00,Sell,EEX
67,2021-10-27T08:22:11Z,Insert,1.0,118.05,Sell,EEX
68,2021-10-27T08:22:17Z,Insert,1.0,118.05,Sell,EEX
69,2021-10-27T08:22:26Z,Insert,1.0,118.00,Sell,EEX
70,2021-10-27T08:23:00Z,Update,1.0,118.25,Sell,Marex Spectron
71,2021-10-27T08:23:30.742Z,Update,1.0,118.25,Buy,Marex Spectron
72,2021-10-27T08:23:32.862Z,Update,1.0,118.25,Buy,Marex Spectron
73,2021-10-27T08:23:33.203Z,Update,1.0,118.25,Buy,Marex Spectron
74,2021-10-27T08:23:36.856Z,Update,1.0,118.25,Buy,Marex Spectron
75,2021-10-27T08:23:57Z,Insert,1.0,118.35,Sell,EEX
76,2021-10-27T08:25:44.166Z,Update,1.0,118.75,Buy,Marex Spectron
77,2021-10-27T08:25:47.284Z,Update,1.0,118.85,Buy,ICAP
78,2021-10-27T08:25:52.518Z,Update,1.0,118.75,Sell,Marex Spectron
79,2021-10-27T08:26:00Z,Update,1.0,118.80,Sell,Marex Spectron
80,2021-10-27T08:27:33Z,Insert,1.0,118.50,Sell,EEX
81,2021-10-27T08:27:41.101Z,Update,1.0,118.75,Sell,Tradition
82,2021-10-27T08:27:43Z,Insert,2.0,118.50,Sell,EEX
83,2021-10-27T08:29:09Z,Insert,1.0,118.50,Sell,EEX
84,2021-10-27T08:31:09.49Z,Update,2.0,118.90,Sell,Tradition
85,2021-10-27T08:31:51.1Z,Update,1.0,119.00,Buy,GFI
86,2021-10-27T08:31:55Z,Insert,1.0,119.00,Sell,EEX
87,2021-10-27T08:36:13.046Z,Update,1.0,119.00,Sell,GFI
88,2021-10-27T08:36:53.954Z,Update,1.0,119.25,Buy,Tullett Prebon
89,2021-10-27T08:36:55.06Z,Update,1.0,119.25,Buy,Marex Spectron
90,2021-10-27T08:37:03.38Z,Update,1.0,119.40,Buy,Marex Spectron
91,2021-10-27T08:37:36.268Z,Update,1.0,119.50,Buy,Marex Spectron
92,2021-10-27T08:39:40Z,Insert,1.0,119.05,Sell,EEX
93,2021-10-27T08:39:43Z,Insert,2.0,119.05,Sell,EEX
94,2021-10-27T08:41:22Z,Insert,1.0,119.05,Sell,EEX
95,2021-10-27T08:44:09.314Z,Update,1.0,119.40,Sell,Griffin Markets Europe SAS
96,2021-10-27T08:46:00Z,Update,1.0,119.00,Sell,Tullett Prebon
97,2021-10-27T08:50:30.358Z,Update,1.0,119.00,Sell,Tradition
98,2021-10-27T08:51:01.459Z,Update,1.0,119.00,Sell,Marex Spectron
99,2021-10-27T08:51:42.108Z,Update,1.0,119.00,Sell,Marex Spectron
100,2021-10-27T08:51:42.18Z,Update,1.0,118.85,Sell,ICAP
101,2021-10-27T08:52:46.42Z,Update,1.0,119.00,Sell,Marex Spectron
102,2021-10-27T08:52:46Z,Insert,1.0,119.00,Sell,EEX
103,2021-10-27T08:54:32.904Z,Update,1.0,119.00,Buy,ICAP
104,2021-10-27T08:54:38Z,Insert,1.0,119.00,Sell,EEX
105,2021-10-27T08:56:32.814Z,Update,2.0,119.00,Buy,Marex Spectron
106,2021-10-27T09:04:18.237Z,Update,1.0,119.00,Sell,Tullett Prebon
107,2021-10-27T09:04:24Z,Insert,1.0,119.00,Sell,EEX
108,2021-10-27T09:05:05Z,Insert,1.0,119.00,Sell,EEX
109,2021-10-27T09:05:27.289Z,Update,1.0,119.00,Sell,Arraco Global Markets
110,2021-10-27T09:05:27Z,Insert,1.0,119.00,Sell,EEX
111,2021-10-27T09:05:28Z,Insert,1.0,119.00,Sell,EEX
112,2021-10-27T09:05:30Z,Insert,1.0,119.00,Sell,EEX
113,2021-10-27T09:05:36Z,Insert,1.0,119.00,Sell,EEX
114,2021-10-27T09:09:28.294Z,Update,1.0,119.10,Sell,Marex Spectron
115,2021-10-27T09:09:50.773Z,Update,5.0,119.05,Sell,Griffin Markets Europe SAS
116,2021-10-27T09:09:54.927Z,Update,2.0,119.05,Sell,Arraco Global Markets
117,2021-10-27T09:10:01Z,Insert,2.0,119.00,Sell,EEX
118,2021-10-27T09:12:23Z,Insert,1.0,119.20,Sell,EEX
119,2021-10-27T09:13:14Z,Insert,1.0,119.20,Sell,EEX
120,2021-10-27T09:15:02.171Z,Update,1.0,119.25,Sell,Marex Spectron
121,2021-10-27T09:15:02.197Z,Update,1.0,119.250,Sell,Griffin Markets Europe SAS
122,2021-10-27T09:15:05Z,Insert,5.0,119.25,Sell,EEX
123,2021-10-27T09:16:51.052Z,Update,1.0,119.35,Sell,GFI
124,2021-10-27T09:16:52.974Z,Update,1.0,119.45,Sell,Tradition
125,2021-10-27T09:23:19Z,Insert,1.0,119.69,Sell,EEX
126,2021-10-27T09:25:53Z,Insert,2.0,119.91,Sell,EEX
127,2021-10-27T09:26:06.799Z,Update,1.0,119.90,Sell,Tradition
128,2021-10-27T09:26:54.564Z,Update,1.0,120.00,Buy,Tradition
129,2021-10-27T09:27:09Z,Insert,1.0,120.00,Sell,EEX
130,2021-10-27T09:27:25Z,Update,5.0,120.00,Sell,Marex Spectron
131,2021-10-27T09:27:34.501Z,Update,1.0,120.00,Sell,Tradition
132,2021-10-27T09:28:21.329Z,Update,2.0,120.00,Sell,Tradition
133,2021-10-27T09:28:21Z,Insert,2.0,120.00,Sell,Tradition
134,2021-10-27T09:28:51.845Z,Update,1.0,120.00,Sell,Tradition
135,2021-10-27T09:31:31.842Z,Update,1.0,120.00,Sell,ICAP
136,2021-10-27T09:32:00Z,Insert,1.0,120.00,Buy,Tradition
137,2021-10-27T09:32:00Z,Update,1.0,120.00,Sell,Tradition
138,2021-10-27T09:32:07.425Z,Update,1.0,120.00,Sell,ICAP
139,2021-10-27T09:33:08Z,Insert,1.0,120.00,Sell,EEX
140,2021-10-27T09:33:14Z,Insert,1.0,120.00,Sell,EEX
141,2021-10-27T09:33:14Z,Insert,1.0,120.00,Sell,EEX
142,2021-10-27T09:34:36Z,Insert,1.0,120.00,Sell,EEX
143,2021-10-27T09:34:38Z,Insert,1.0,120.00,Sell,EEX
144,2021-10-27T09:34:40Z,Insert,1.0,119.85,Sell,EEX
145,2021-10-27T09:34:43Z,Insert,1.0,120.00,Sell,EEX
146,2021-10-27T09:38:48.991Z,Update,1.0,120.000,Sell,Griffin Markets Europe SAS
147,2021-10-27T09:38:50Z,Insert,1.0,120.00,Sell,EEX
148,2021-10-27T09:41:00Z,Update,3.0,119.95,Buy,Marex Spectron
149,2021-10-27T09:44:18.464Z,Update,1.0,120.00,Buy,Tradition
150,2021-10-27T09:45:11.059Z,Update,1.0,119.85,Sell,Tullett Prebon
151,2021-10-27T09:45:15Z,Insert,1.0,119.65,Sell,EEX
152,2021-10-27T09:45:56Z,Insert,1.0,119.85,Sell,Tullett Prebon
153,2021-10-27T09:45:56Z,Insert,1.0,119.85,Sell,Tullett Prebon
154,2021-10-27T09:46:00Z,Update,2.0,119.95,Sell,Marex Spectron
155,2021-10-27T09:46:57Z,Insert,1.0,120.00,Sell,EEX
156,2021-10-27T09:55:00Z,Insert,1.0,120.00,Sell,EEX
157,2021-10-27T09:58:37.163Z,Update,2.0,120.00,Sell,GFI
158,2021-10-27T10:05:57Z,Insert,1.0,120.00,Sell,EEX
159,2021-10-27T10:17:37Z,Insert,1.0,120.10,Sell,EEX
160,2021-10-27T10:17:49Z,Insert,1.0,120.10,Sell,EEX
161,2021-10-27T10:20:20.317Z,Update,1.0,119.85,Buy,ICAP
162,2021-10-27T10:21:49.623Z,Update,1.0,120.00,Sell,Tradition
163,2021-10-27T10:21:50Z,Insert,1.0,119.85,Sell,EEX
164,2021-10-27T10:21:53.232Z,Update,1.0,120.00,Sell,Tradition
165,2021-10-27T10:21:53Z,Insert,1.0,119.85,Sell,EEX
166,2021-10-27T10:21:54.873Z,Update,1.0,120.00,Sell,Tradition
167,2021-10-27T10:21:55.138Z,Update,1.0,120.00,Sell,Tradition
168,2021-10-27T10:22:00Z,Insert,1.0,119.85,Sell,EEX
169,2021-10-27T10:22:01.357Z,Update,1.0,120.00,Sell,Tradition
170,2021-10-27T10:26:05.241Z,Update,1.0,120.00,Buy,ICAP
171,2021-10-27T10:27:17.804Z,Update,1.0,120.00,Buy,ICAP
172,2021-10-27T10:28:04.136Z,Update,1.0,120.00,Sell,Tradition
173,2021-10-27T10:33:58.681Z,Update,1.0,120.00,Sell,Tradition
174,2021-10-27T10:34:29Z,Insert,1.0,119.95,Sell,EEX
175,2021-10-27T10:34:40Z,Insert,1.0,119.95,Sell,EEX
176,2021-10-27T10:34:50Z,Insert,1.0,119.95,Sell,EEX
177,2021-10-27T10:34:50Z,Update,1.0,119.95,Sell,Tullett Prebon
178,2021-10-27T10:34:51.071Z,Update,1.0,120.00,Sell,Tradition
179,2021-10-27T10:34:56Z,Insert,1.0,119.95,Sell,EEX
180,2021-10-27T10:34:59.493Z,Update,1.0,119.95,Sell,GFI
181,2021-10-27T10:42:00Z,Update,1.0,119.95,Buy,Tradition
182,2021-10-27T10:42:00Z,Insert,1.0,119.95,Sell,Tradition
183,2021-10-27T10:42:19.722Z,Update,1.0,119.95,Sell,Griffin Markets Europe SAS
184,2021-10-27T10:49:31.776Z,Update,1.0,119.95,Buy,Tullett Prebon
185,2021-10-27T10:53:30Z,Update,1.0,119.90,Sell,ICAP
186,2021-10-27T10:59:14.234Z,Update,1.0,119.90,Sell,Tradition
187,2021-10-27T10:59:18.663Z,Update,2.0,119.85,Sell,GFI
188,2021-10-27T11:00:21.437Z,Update,1.0,119.90,Sell,Tradition
189,2021-10-27T11:01:46.999Z,Update,1.0,119.90,Buy,Tradition
190,2021-10-27T11:06:01.841Z,Update,1.0,119.90,Sell,Tradition
191,2021-10-27T11:09:46Z,Insert,2.0,120.00,Sell,Tullett Prebon
192,2021-10-27T11:12:43.7Z,Update,1.0,119.90,Buy,Marex Spectron
193,2021-10-27T11:19:28.446Z,Update,1.0,119.80,Sell,Tradition
194,2021-10-27T11:20:14.966Z,Update,1.0,120.00,Sell,Arraco Global Markets
195,2021-10-27T11:22:33Z,Insert,1.0,119.70,Sell,EEX
196,2021-10-27T11:23:34.743Z,Update,4.0,120.00,Sell,Arraco Global Markets
197,2021-10-27T11:30:20.666Z,Update,1.0,120.00,Buy,Tullett Prebon
198,2021-10-27T11:33:15Z,Insert,1.0,120.15,Sell,EEX
199,2021-10-27T11:33:21Z,Insert,1.0,120.25,Sell,EEX
200,2021-10-27T11:39:22.845Z,Update,1.0,120.00,Sell,Tullett Prebon
201,2021-10-27T11:42:50.719Z,Update,1.0,120.00,Sell,Arraco Global Markets
202,2021-10-27T11:44:27Z,Insert,1.0,120.00,Sell,EEX
203,2021-10-27T11:52:10Z,Insert,1.0,119.95,Sell,EEX
204,2021-10-27T11:53:01.137Z,Update,1.0,119.90,Sell,ICAP
205,2021-10-27T12:14:43Z,Insert,2.0,120.20,Sell,EEX
206,2021-10-27T12:17:16Z,Insert,1.0,120.20,Sell,EEX
207,2021-10-27T12:17:25Z,Insert,1.0,120.20,Sell,EEX
208,2021-10-27T12:17:35Z,Insert,1.0,120.20,Sell,EEX
209,2021-10-27T12:17:46.943Z,Update,1.0,120.25,Sell,GFI
210,2021-10-27T12:17:51Z,Update,1.0,120.25,Buy,GFI
211,2021-10-27T12:17:53Z,Insert,1.0,120.25,Sell,EEX
212,2021-10-27T12:18:03.069Z,Update,1.0,120.25,Sell,GFI
213,2021-10-27T12:18:03.92Z,Update,1.0,120.25,Sell,GFI
214,2021-10-27T12:18:03Z,Insert,1.0,120.25,Buy,EEX
215,2021-10-27T12:18:07.553Z,Update,1.0,120.25,Sell,GFI
216,2021-10-27T12:19:00Z,Update,5.0,120.25,Sell,GFI
217,2021-10-27T12:30:10Z,Insert,1.0,120.30,Sell,EEX
218,2021-10-27T12:37:54Z,Insert,1.0,120.25,Sell,EEX
219,2021-10-27T12:37:58.232Z,Update,1.0,120.30,Sell,ICAP
220,2021-10-27T12:41:34Z,Insert,1.0,120.30,Sell,EEX
221,2021-10-27T12:43:33.725Z,Update,2.0,120.30,Sell,GFI
222,2021-10-27T12:48:25.565Z,Update,1.0,120.40,Buy,ICAP
223,2021-10-27T12:52:05Z,Insert,1.0,120.40,Sell,EEX
224,2021-10-27T12:52:29.103Z,Update,1.0,120.50,Buy,GFI
225,2021-10-27T12:55:34.537Z,Update,1.0,120.45,Sell,Tradition
226,2021-10-27T12:58:30Z,Insert,1.0,120.55,Sell,EEX
227,2021-10-27T13:07:13.017Z,Insert,1.0,120.75,Sell,Griffin Markets Europe SAS
228,2021-10-27T13:07:13.017Z,Insert,1.0,120.75,Sell,Griffin Markets Europe SAS
229,2021-10-27T13:10:00Z,Insert,2.0,120.60,Sell,GFI
230,2021-10-27T13:10:00Z,Insert,2.0,120.60,Sell,GFI
231,2021-10-27T13:11:31.777Z,Update,2.0,120.550,Sell,Griffin Markets Europe SAS
232,2021-10-27T13:13:05.984Z,Update,1.0,120.60,Sell,Tradition
233,2021-10-27T13:16:48.085Z,Update,1.0,120.60,Sell,Griffin Markets Europe SAS
234,2021-10-27T13:19:23Z,Insert,1.0,120.75,Sell,EEX
235,2021-10-27T13:19:38Z,Insert,1.0,120.95,Sell,EEX
236,2021-10-27T13:19:38Z,Insert,1.0,120.95,Sell,EEX
237,2021-10-27T13:19:48Z,Insert,1.0,121.00,Sell,EEX
238,2021-10-27T13:28:38.61Z,Update,5.0,121.00,Sell,ICAP
239,2021-10-27T13:31:58Z,Insert,1.0,121.40,Sell,EEX
240,2021-10-27T13:36:16Z,Insert,1.0,121.45,Sell,EEX
241,2021-10-27T13:36:22.201Z,Update,2.0,121.50,Buy,Tullett Prebon
242,2021-10-27T13:36:22.776Z,Update,2.0,121.550,Buy,Griffin Markets Europe SAS
243,2021-10-27T13:37:00.33Z,Update,4.0,121.10,Sell,Arraco Global Markets
244,2021-10-27T13:39:18Z,Insert,1.0,121.42,Sell,EEX
245,2021-10-27T13:39:32Z,Insert,2.0,121.50,Sell,EEX
246,2021-10-27T13:40:00Z,Insert,2.0,121.50,Buy,GFI
247,2021-10-27T13:42:53Z,Insert,3.0,121.30,Sell,EEX
248,2021-10-27T13:43:04Z,Insert,1.0,121.40,Sell,EEX
249,2021-10-27T13:46:59.065Z,Update,1.0,121.35,Sell,Tradition
250,2021-10-27T13:47:37.362Z,Update,1.0,121.35,Sell,Tradition
251,2021-10-27T13:50:07Z,Insert,1.0,121.35,Sell,EEX
252,2021-10-27T13:50:24Z,Insert,1.0,121.30,Sell,EEX
253,2021-10-27T13:52:19Z,Insert,1.0,121.35,Sell,EEX
254,2021-10-27T13:57:25Z,Insert,1.0,121.35,Sell,EEX
255,2021-10-27T13:57:25Z,Insert,2.0,121.35,Sell,EEX
256,2021-10-27T13:58:34Z,Insert,1.0,121.30,Sell,EEX
257,2021-10-27T14:04:53Z,Insert,1.0,121.37,Sell,EEX
258,2021-10-27T14:08:42Z,Insert,1.0,121.40,Sell,EEX
259,2021-10-27T14:12:19.771Z,Update,1.0,121.40,Sell,ICAP
260,2021-10-27T14:13:40Z,Insert,1.0,121.45,Sell,EEX
261,2021-10-27T14:13:50Z,Insert,1.0,121.45,Sell,EEX
262,2021-10-27T14:16:12Z,Insert,3.0,121.40,Sell,EEX
263,2021-10-27T14:17:20Z,Insert,1.0,121.40,Sell,EEX
264,2021-10-27T14:18:43.081Z,Update,1.0,121.40,Sell,Griffin Markets Europe SAS
265,2021-10-27T14:25:39.983Z,Insert,2.0,121.30,Sell,Griffin Markets Europe SAS
266,2021-10-27T14:25:39.983Z,Insert,2.0,121.30,Sell,Griffin Markets Europe SAS
267,2021-10-27T14:25:39.983Z,Insert,2.0,121.30,Sell,Griffin Markets Europe SAS
268,2021-10-27T14:25:39.983Z,Insert,2.0,121.30,Sell,Griffin Markets Europe SAS
269,2021-10-27T14:26:48.767Z,Update,1.0,121.250,Sell,Griffin Markets Europe SAS
270,2021-10-27T14:28:55.425Z,Update,1.0,121.25,Sell,Tradition
271,2021-10-27T14:33:46Z,Insert,1.0,121.15,Sell,EEX
272,2021-10-27T14:33:49Z,Insert,2.0,121.15,Sell,Tullett Prebon
273,2021-10-27T14:33:49Z,Insert,2.0,121.15,Sell,Tullett Prebon
274,2021-10-27T14:37:07.483Z,Update,1.0,121.15,Buy,Marex Spectron
275,2021-10-27T14:41:18Z,Insert,1.0,121.10,Sell,EEX
276,2021-10-27T14:45:48Z,Insert,1.0,121.10,Sell,EEX
277,2021-10-27T14:51:04Z,Insert,1.0,121.15,Sell,EEX
278,2021-10-27T14:51:26Z,Insert,1.0,121.15,Sell,EEX
279,2021-10-27T14:51:28Z,Insert,1.0,121.15,Sell,EEX
280,2021-10-27T14:51:28Z,Insert,1.0,121.15,Sell,EEX
281,2021-10-27T14:51:38Z,Insert,1.0,121.15,Sell,EEX
282,2021-10-27T14:51:54.41Z,Update,1.0,121.20,Buy,Marex Spectron
283,2021-10-27T15:01:04Z,Insert,1.0,121.50,Sell,EEX
284,2021-10-27T15:03:17Z,Insert,5.0,121.80,Sell,EEX
285,2021-10-27T15:04:55.537Z,Update,1.0,121.90,Sell,Tradition
286,2021-10-27T15:08:17.861Z,Update,1.0,122.00,Buy,Griffin Markets Europe SAS
287,2021-10-27T15:08:21Z,Insert,1.0,122.00,Sell,EEX
288,2021-10-27T15:11:11Z,Insert,1.0,122.25,Sell,EEX
289,2021-10-27T15:11:26Z,Insert,1.0,122.30,Sell,EEX
290,2021-10-27T15:18:18.298Z,Update,2.0,122.20,Sell,Tradition
291,2021-10-27T15:24:52Z,Insert,1.0,122.20,Sell,EEX
292,2021-10-27T15:36:42.948Z,Update,1.0,122.15,Buy,Tradition
293,2021-10-27T15:36:53.042Z,Update,1.0,122.20,Buy,ICAP
294,2021-10-27T15:37:09.271Z,Insert,2.0,122.15,Buy,Marex Spectron
295,2021-10-27T15:39:56Z,Insert,1.0,122.30,Sell,EEX
296,2021-10-27T15:45:18.543Z,Update,1.0,122.45,Buy,GFI
297,2021-10-27T15:45:24.469Z,Update,1.0,122.45,Buy,GFI
298,2021-10-27T15:45:38.243Z,Update,5.0,122.65,Buy,Tullett Prebon
299,2021-10-27T15:51:57Z,Insert,1.0,122.10,Sell,EEX
300,2021-10-27T15:53:42Z,Insert,1.0,121.63,Sell,EEX
301,2021-10-27T15:54:24Z,Insert,1.0,120.95,Sell,EEX
302,2021-10-27T15:54:34Z,Insert,1.0,120.95,Sell,EEX
303,2021-10-27T15:54:44Z,Insert,1.0,120.95,Sell,EEX
304,2021-10-27T15:55:00.59Z,Update,1.0,120.750,Sell,Griffin Markets Europe SAS
305,2021-10-27T15:55:04.55Z,Update,1.0,120.750,Sell,Griffin Markets Europe SAS
306,2021-10-27T15:55:07.202Z,Update,1.0,120.750,Sell,Griffin Markets Europe SAS
307,2021-10-27T15:55:12.306Z,Update,1.0,120.750,Sell,Griffin Markets Europe SAS
308,2021-10-27T15:55:14Z,Insert,1.0,120.69,Sell,EEX
309,2021-10-27T15:55:25.454Z,Update,1.0,120.75,Sell,Arraco Global Markets
310,2021-10-27T15:55:50Z,Insert,1.0,120.50,Sell,EEX
311,2021-10-27T15:55:58Z,Insert,1.0,120.00,Sell,EEX
312,2021-10-27T15:56:33Z,Update,1.0,120.80,Sell,Arraco Global Markets
313,2021-10-27T15:57:56Z,Insert,1.0,119.00,Sell,EEX
314,2021-10-27T15:58:16.722Z,Update,1.0,120.75,Sell,Arraco Global Markets
315,2021-10-27T15:58:22Z,Insert,1.0,118.60,Sell,EEX
