,DateTime,Action,Volume,Price,AggressorAction,AggressorBroker
0,2021-10-06T06:20:55.597Z,Update,1.0,166.00,Sell,Marex Spectron
1,2021-10-06T06:21:02.568Z,Update,1.0,167.00,Sell,Marex Spectron
2,2021-10-06T06:21:04.219Z,Update,1.0,167.00,Sell,Marex Spectron
3,2021-10-06T06:21:04.323Z,Update,1.0,167.00,Sell,Marex Spectron
4,2021-10-06T06:23:25.251Z,Update,1.0,167.00,Sell,Marex Spectron
5,2021-10-06T06:25:21.308Z,Update,1.0,167.00,Sell,Marex Spectron
6,2021-10-06T06:27:50.627Z,Update,1.0,167.00,Sell,Marex Spectron
7,2021-10-06T06:29:10Z,Insert,1.0,167.50,Sell,EEX
8,2021-10-06T06:29:17Z,Insert,1.0,168.00,Sell,EEX
9,2021-10-06T06:29:29Z,Insert,1.0,168.00,Sell,EEX
10,2021-10-06T06:29:32.688Z,Update,1.0,168.00,Buy,GFI
11,2021-10-06T06:30:14.171Z,Update,1.0,168.00,Buy,Marex Spectron
12,2021-10-06T06:33:29.008Z,Insert,2.0,168.85,Buy,GFI
13,2021-10-06T06:34:04Z,Insert,2.0,170.00,Sell,EEX
14,2021-10-06T06:34:35Z,Insert,1.0,168.50,Sell,EEX
15,2021-10-06T06:39:29.301Z,Update,1.0,165.00,Sell,GFI
16,2021-10-06T06:39:32.492Z,Update,2.0,166.00,Sell,Arraco Global Markets
17,2021-10-06T06:40:32Z,Insert,2.0,165.00,Sell,EEX
18,2021-10-06T06:40:38.567Z,Update,3.0,165.00,Sell,GFI
19,2021-10-06T06:40:38.607Z,Update,1.0,165.00,Sell,Tullett Prebon
20,2021-10-06T06:40:38Z,Insert,1.0,165.00,Sell,EEX
21,2021-10-06T06:41:47.284Z,Insert,1.0,165.00,Sell,Tullett Prebon
22,2021-10-06T06:41:47.284Z,Update,1.0,165.00,Sell,Tullett Prebon
23,2021-10-06T06:41:47.284Z,Insert,1.0,165.00,Buy,Tullett Prebon
24,2021-10-06T06:43:39Z,Insert,1.0,164.99,Sell,EEX
25,2021-10-06T06:43:42.825Z,Update,1.0,165.00,Sell,Tullett Prebon
26,2021-10-06T06:43:42.825Z,Insert,1.0,165.00,Sell,Tullett Prebon
27,2021-10-06T06:44:21Z,Insert,1.0,166.00,Sell,Tullett Prebon
28,2021-10-06T06:44:21Z,Insert,1.0,166.00,Buy,Tullett Prebon
29,2021-10-06T06:44:21Z,Update,1.0,166.00,Sell,Tullett Prebon
30,2021-10-06T06:47:17.905Z,Update,3.0,166.00,Buy,ICAP
31,2021-10-06T06:50:38Z,Insert,1.0,167.50,Sell,EEX
32,2021-10-06T06:50:41.206Z,Insert,1.0,167.50,Buy,Tullett Prebon
33,2021-10-06T06:50:41.206Z,Update,1.0,167.50,Buy,Tullett Prebon
34,2021-10-06T06:50:41.206Z,Insert,1.0,167.50,Sell,Tullett Prebon
35,2021-10-06T06:50:56Z,Insert,2.0,167.79,Sell,EEX
36,2021-10-06T06:51:00Z,Insert,1.0,167.79,Sell,EEX
37,2021-10-06T06:55:00Z,Update,5.0,167.50,Sell,Tullett Prebon
38,2021-10-06T06:55:00Z,Insert,5.0,167.50,Sell,Tullett Prebon
39,2021-10-06T06:55:00Z,Insert,5.0,167.50,Buy,Tullett Prebon
40,2021-10-06T06:55:47.065Z,Update,1.0,167.50,Buy,Marex Spectron
41,2021-10-06T07:04:33Z,Insert,6.0,167.10,Sell,EEX
42,2021-10-06T07:04:43.611Z,Update,2.0,167.25,Sell,GFI
43,2021-10-06T07:04:53.618Z,Update,1.0,167.25,Sell,GFI
44,2021-10-06T07:04:54Z,Insert,2.0,167.05,Sell,EEX
45,2021-10-06T07:04:56.908Z,Update,2.0,167.25,Sell,GFI
46,2021-10-06T07:04:58.573Z,Update,1.0,167.00,Sell,Tradition
47,2021-10-06T07:08:02.93Z,Update,1.0,167.00,Sell,GFI
48,2021-10-06T07:08:05Z,Insert,2.0,167.00,Sell,EEX
49,2021-10-06T07:08:43.078Z,Update,3.0,165.75,Sell,Tullett Prebon
50,2021-10-06T07:15:00Z,Update,5.0,164.00,Sell,Tullett Prebon
51,2021-10-06T07:15:00Z,Insert,5.0,164.00,Buy,Tullett Prebon
52,2021-10-06T07:19:00Z,Update,3.0,165.00,Sell,GFI
53,2021-10-06T07:19:28.042Z,Update,1.0,165.00,Sell,Tullett Prebon
54,2021-10-06T07:19:29.036Z,Update,1.0,165.00,Sell,GFI
55,2021-10-06T07:19:35Z,Insert,2.0,164.75,Sell,EEX
56,2021-10-06T07:19:49.599Z,Update,1.0,165.10,Sell,Tradition
57,2021-10-06T07:19:49Z,Update,1.0,165.10,Sell,Tradition
58,2021-10-06T07:19:49Z,Update,2.0,165.10,Sell,Tradition
59,2021-10-06T07:21:33Z,Insert,1.0,165.00,Sell,EEX
60,2021-10-06T07:21:34.239Z,Update,1.0,164.75,Sell,GFI
61,2021-10-06T07:21:40.83Z,Update,1.0,164.75,Sell,GFI
62,2021-10-06T07:22:00Z,Update,2.0,164.75,Sell,GFI
63,2021-10-06T07:22:10Z,Insert,1.0,164.31,Sell,EEX
64,2021-10-06T07:22:53.039Z,Update,1.0,164.00,Buy,GFI
65,2021-10-06T07:24:37.527Z,Insert,5.0,165.00,Buy,Griffin Markets Europe SAS
66,2021-10-06T07:24:37.527Z,Insert,5.0,165.00,Buy,Griffin Markets Europe SAS
67,2021-10-06T07:24:41.709Z,Update,2.0,165.00,Sell,GFI
68,2021-10-06T07:27:07Z,Insert,1.0,165.00,Sell,EEX
69,2021-10-06T07:27:53Z,Insert,2.0,165.50,Sell,EEX
70,2021-10-06T07:28:05.784Z,Update,1.0,165.00,Buy,ICAP
71,2021-10-06T07:28:08.575Z,Update,1.0,165.00,Buy,ICAP
72,2021-10-06T07:28:10.387Z,Update,1.0,165.00,Buy,ICAP
73,2021-10-06T07:29:45.508Z,Update,1.0,166.00,Sell,GFI
74,2021-10-06T07:31:52.192Z,Update,1.0,166.00,Sell,GFI
75,2021-10-06T07:31:53Z,Insert,3.0,166.00,Sell,EEX
76,2021-10-06T07:32:00Z,Update,5.0,166.00,Sell,GFI
77,2021-10-06T07:32:46Z,Insert,1.0,166.00,Sell,EEX
78,2021-10-06T07:33:47Z,Insert,5.0,165.00,Sell,EEX
79,2021-10-06T07:36:03Z,Insert,1.0,166.50,Sell,EEX
80,2021-10-06T07:36:05Z,Insert,1.0,166.50,Sell,EEX
81,2021-10-06T07:36:06Z,Insert,1.0,166.50,Sell,EEX
82,2021-10-06T07:36:15Z,Insert,1.0,166.50,Sell,EEX
83,2021-10-06T07:36:17Z,Insert,1.0,166.50,Sell,EEX
84,2021-10-06T07:36:17Z,Insert,1.0,166.50,Sell,EEX
85,2021-10-06T07:36:39.567Z,Update,1.0,166.50,Buy,GFI
86,2021-10-06T07:42:55.157Z,Update,1.0,166.90,Sell,GFI
87,2021-10-06T07:43:00Z,Update,1.0,166.90,Sell,GFI
88,2021-10-06T07:43:02.797Z,Update,2.0,166.75,Buy,Tullett Prebon
89,2021-10-06T07:43:41Z,Insert,3.0,167.00,Sell,EEX
90,2021-10-06T07:43:51Z,Insert,2.0,167.00,Sell,EEX
91,2021-10-06T07:44:15Z,Insert,1.0,166.50,Sell,EEX
92,2021-10-06T07:44:15Z,Insert,1.0,166.50,Sell,EEX
93,2021-10-06T07:44:19Z,Insert,1.0,166.50,Sell,EEX
94,2021-10-06T07:44:20Z,Insert,1.0,166.50,Sell,EEX
95,2021-10-06T07:44:23Z,Insert,1.0,166.50,Sell,EEX
96,2021-10-06T07:44:24Z,Insert,1.0,166.50,Sell,EEX
97,2021-10-06T07:44:24Z,Insert,1.0,166.50,Sell,EEX
98,2021-10-06T07:44:24Z,Insert,1.0,166.50,Sell,EEX
99,2021-10-06T07:44:24Z,Insert,1.0,166.50,Sell,EEX
100,2021-10-06T07:44:27Z,Insert,1.0,166.50,Sell,EEX
101,2021-10-06T07:45:00Z,Insert,3.0,166.90,Buy,GFI
102,2021-10-06T07:45:00Z,Insert,3.0,166.90,Buy,GFI
103,2021-10-06T07:45:00Z,Update,3.0,166.90,Sell,GFI
104,2021-10-06T07:45:38.791Z,Update,1.0,167.00,Sell,Arraco Global Markets
105,2021-10-06T07:45:44Z,Insert,1.0,167.25,Sell,EEX
106,2021-10-06T07:46:18.036Z,Update,1.0,167.50,Sell,GFI
107,2021-10-06T07:48:50Z,Insert,1.0,167.90,Sell,EEX
108,2021-10-06T07:49:19.28Z,Update,1.0,168.00,Sell,Arraco Global Markets
109,2021-10-06T07:49:25Z,Insert,2.0,168.00,Sell,EEX
110,2021-10-06T07:52:12.29Z,Update,1.0,167.50,Sell,GFI
111,2021-10-06T07:52:33.306Z,Update,1.0,166.90,Sell,GFI
112,2021-10-06T07:56:37Z,Insert,1.0,168.25,Sell,EEX
113,2021-10-06T08:02:35Z,Insert,1.0,168.50,Sell,EEX
114,2021-10-06T08:02:42Z,Insert,1.0,168.65,Sell,EEX
115,2021-10-06T08:02:49.166Z,Insert,1.0,168.75,Buy,Marex Spectron
116,2021-10-06T08:02:52.822Z,Update,1.0,168.50,Buy,Griffin Markets Europe SAS
117,2021-10-06T08:03:37.951Z,Update,1.0,169.00,Buy,GFI
118,2021-10-06T08:03:41.815Z,Update,1.0,169.00,Sell,ICAP
119,2021-10-06T08:03:53.213Z,Update,1.0,169.00,Sell,GFI
120,2021-10-06T08:04:34.145Z,Update,1.0,169.40,Sell,Tradition
121,2021-10-06T08:05:07Z,Insert,1.0,169.45,Sell,EEX
122,2021-10-06T08:05:21Z,Insert,3.0,169.50,Sell,EEX
123,2021-10-06T08:05:21Z,Insert,2.0,169.50,Sell,EEX
124,2021-10-06T08:05:35.034Z,Insert,1.0,169.50,Sell,GFI
125,2021-10-06T08:06:49Z,Insert,1.0,171.00,Sell,EEX
126,2021-10-06T08:09:00Z,Update,1.0,171.00,Sell,GFI
127,2021-10-06T08:09:08Z,Insert,1.0,171.00,Sell,EEX
128,2021-10-06T08:10:13Z,Insert,1.0,171.50,Sell,EEX
129,2021-10-06T08:11:00Z,Insert,1.0,172.00,Sell,EEX
130,2021-10-06T08:11:01Z,Insert,1.0,172.00,Sell,EEX
131,2021-10-06T08:11:02Z,Insert,2.0,172.00,Sell,EEX
132,2021-10-06T08:11:11Z,Insert,3.0,172.00,Sell,EEX
133,2021-10-06T08:11:21.801Z,Update,5.0,173.03,Buy,GFI
134,2021-10-06T08:11:24Z,Insert,1.0,173.00,Sell,EEX
135,2021-10-06T08:11:59.565Z,Update,1.0,173.00,Buy,Tradition
136,2021-10-06T08:12:04.33Z,Update,1.0,173.00,Buy,Tradition
137,2021-10-06T08:13:19Z,Insert,1.0,173.00,Sell,EEX
138,2021-10-06T08:16:00Z,Update,30.0,173.50,Sell,Tullett Prebon
139,2021-10-06T08:19:47.587Z,Update,1.0,174.00,Sell,ICAP
140,2021-10-06T08:21:15Z,Insert,1.0,174.50,Sell,EEX
141,2021-10-06T08:21:50Z,Insert,1.0,174.75,Sell,EEX
142,2021-10-06T08:26:29Z,Insert,1.0,176.00,Sell,EEX
143,2021-10-06T08:27:10.61Z,Update,1.0,177.00,Sell,GFI
144,2021-10-06T08:27:15Z,Insert,1.0,177.00,Sell,EEX
145,2021-10-06T08:27:24Z,Insert,1.0,178.00,Sell,EEX
146,2021-10-06T08:27:39Z,Insert,1.0,179.00,Sell,EEX
147,2021-10-06T08:28:39.774Z,Update,1.0,177.00,Sell,GFI
148,2021-10-06T08:30:44Z,Insert,1.0,179.00,Sell,EEX
149,2021-10-06T08:31:10Z,Insert,1.0,179.00,Sell,EEX
150,2021-10-06T08:31:27Z,Insert,1.0,178.75,Sell,EEX
151,2021-10-06T08:32:18.884Z,Update,1.0,177.00,Sell,ICAP
152,2021-10-06T08:35:00Z,Update,1.0,176.70,Sell,GFI
153,2021-10-06T08:35:30Z,Insert,1.0,176.70,Sell,EEX
154,2021-10-06T08:35:35Z,Insert,1.0,176.00,Sell,EEX
155,2021-10-06T08:36:00Z,Update,5.0,177.10,Sell,GFI
156,2021-10-06T08:36:06Z,Insert,1.0,176.00,Sell,EEX
157,2021-10-06T08:36:10.54Z,Update,2.0,177.10,Sell,GFI
158,2021-10-06T08:36:10Z,Insert,1.0,176.10,Sell,EEX
159,2021-10-06T08:36:18.811Z,Update,1.0,177.10,Sell,GFI
160,2021-10-06T08:36:31.947Z,Update,1.0,176.00,Sell,Tradition
161,2021-10-06T08:36:36.698Z,Update,2.0,177.10,Sell,GFI
162,2021-10-06T08:37:20.384Z,Update,1.0,176.00,Sell,Tradition
163,2021-10-06T08:37:33Z,Update,1.0,176.00,Sell,Tradition
164,2021-10-06T08:37:33Z,Insert,1.0,176.00,Sell,Tradition
165,2021-10-06T08:38:31Z,Insert,1.0,177.00,Sell,EEX
166,2021-10-06T08:42:13Z,Insert,1.0,177.00,Sell,EEX
167,2021-10-06T08:53:41Z,Insert,1.0,177.00,Sell,EEX
168,2021-10-06T08:57:48.527Z,Update,1.0,177.24,Buy,GFI
169,2021-10-06T08:57:48Z,Insert,1.0,177.30,Sell,EEX
170,2021-10-06T08:57:50Z,Insert,1.0,177.25,Sell,EEX
171,2021-10-06T08:58:01Z,Insert,1.0,177.00,Sell,EEX
172,2021-10-06T08:58:08.715Z,Insert,5.0,177.00,Buy,ICAP
173,2021-10-06T08:58:30Z,Insert,1.0,177.00,Sell,EEX
174,2021-10-06T08:58:35Z,Insert,1.0,177.00,Sell,EEX
175,2021-10-06T08:58:41Z,Insert,2.0,177.00,Sell,EEX
176,2021-10-06T08:59:00Z,Update,1.0,177.00,Sell,GFI
177,2021-10-06T08:59:31.831Z,Update,1.0,177.00,Sell,GFI
178,2021-10-06T09:00:00Z,Update,15.0,176.00,Sell,Tullett Prebon
179,2021-10-06T09:00:00Z,Insert,15.0,176.00,Sell,Tullett Prebon
180,2021-10-06T09:03:03.156Z,Update,1.0,177.00,Sell,Tradition
181,2021-10-06T09:03:03Z,Insert,1.0,177.00,Buy,EEX
182,2021-10-06T09:03:03Z,Insert,1.0,177.00,Buy,EEX
183,2021-10-06T09:03:03Z,Insert,1.0,177.00,Buy,EEX
184,2021-10-06T09:03:03Z,Insert,1.0,177.00,Buy,EEX
185,2021-10-06T09:03:53Z,Insert,1.0,177.00,Sell,EEX
186,2021-10-06T09:04:00.14Z,Update,1.0,177.00,Sell,Tradition
187,2021-10-06T09:04:52.686Z,Update,1.0,176.00,Sell,Tradition
188,2021-10-06T09:04:58Z,Insert,3.0,176.55,Sell,EEX
189,2021-10-06T09:05:00Z,Update,4.0,176.95,Sell,GFI
190,2021-10-06T09:05:01Z,Insert,1.0,176.95,Sell,EEX
191,2021-10-06T09:05:03.316Z,Update,1.0,176.95,Sell,GFI
192,2021-10-06T09:05:06.28Z,Update,1.0,176.95,Sell,GFI
193,2021-10-06T09:05:18.957Z,Update,1.0,176.95,Sell,GFI
194,2021-10-06T09:05:42.963Z,Update,1.0,176.70,Sell,GFI
195,2021-10-06T09:06:05.433Z,Update,1.0,176.95,Sell,GFI
196,2021-10-06T09:06:16Z,Insert,1.0,176.00,Sell,EEX
197,2021-10-06T09:06:35.03Z,Update,1.0,175.50,Sell,Tradition
198,2021-10-06T09:07:20.403Z,Update,1.0,175.50,Sell,ICAP
199,2021-10-06T09:08:45Z,Insert,1.0,175.90,Sell,EEX
200,2021-10-06T09:09:36Z,Insert,2.0,175.75,Sell,EEX
201,2021-10-06T09:10:00Z,Update,1.0,175.90,Sell,GFI
202,2021-10-06T09:10:00Z,Update,3.0,175.90,Sell,GFI
203,2021-10-06T09:10:00Z,Update,1.0,175.90,Sell,GFI
204,2021-10-06T09:10:49.456Z,Update,1.0,175.00,Sell,ICAP
205,2021-10-06T09:11:14.858Z,Update,1.0,175.90,Sell,GFI
206,2021-10-06T09:12:43Z,Insert,1.0,175.00,Sell,EEX
207,2021-10-06T09:13:33.475Z,Insert,8.0,175.50,Sell,ICAP
208,2021-10-06T09:13:33.475Z,Insert,10.0,175.50,Sell,ICAP
209,2021-10-06T09:13:33.475Z,Insert,10.0,175.50,Sell,ICAP
210,2021-10-06T09:13:33.475Z,Insert,10.0,175.50,Sell,ICAP
211,2021-10-06T09:13:33.475Z,Insert,10.0,175.45,Sell,ICAP
212,2021-10-06T09:13:33.475Z,Insert,10.0,175.45,Sell,ICAP
213,2021-10-06T09:13:35.321Z,Update,5.0,175.00,Sell,Marex Spectron
214,2021-10-06T09:14:10.67Z,Update,1.0,175.50,Sell,GFI
215,2021-10-06T09:14:13.794Z,Update,1.0,175.50,Buy,GFI
216,2021-10-06T09:14:29.225Z,Update,1.0,175.50,Sell,GFI
217,2021-10-06T09:14:31Z,Insert,1.0,175.50,Sell,EEX
218,2021-10-06T09:14:34Z,Insert,1.0,175.50,Sell,EEX
219,2021-10-06T09:16:13.945Z,Insert,1.0,175.00,Sell,Marex Spectron
220,2021-10-06T09:17:05Z,Insert,1.0,174.00,Sell,EEX
221,2021-10-06T09:18:44Z,Insert,1.0,173.50,Sell,EEX
222,2021-10-06T09:18:51Z,Insert,1.0,172.50,Sell,EEX
223,2021-10-06T09:18:51Z,Insert,1.0,173.00,Sell,EEX
224,2021-10-06T09:18:55Z,Insert,1.0,172.00,Sell,EEX
225,2021-10-06T09:18:56Z,Insert,1.0,174.00,Sell,EEX
226,2021-10-06T09:20:00Z,Update,2.0,174.00,Sell,GFI
227,2021-10-06T09:20:00Z,Update,2.0,174.00,Sell,GFI
228,2021-10-06T09:20:01Z,Insert,1.0,173.00,Sell,EEX
229,2021-10-06T09:20:47Z,Insert,1.0,172.00,Sell,EEX
230,2021-10-06T09:20:47Z,Insert,1.0,172.50,Sell,EEX
231,2021-10-06T09:20:48Z,Insert,1.0,172.00,Sell,EEX
232,2021-10-06T09:20:48Z,Insert,1.0,172.00,Sell,EEX
233,2021-10-06T09:21:10Z,Insert,2.0,173.00,Sell,EEX
234,2021-10-06T09:21:25Z,Insert,1.0,173.00,Sell,EEX
235,2021-10-06T09:21:28Z,Insert,1.0,173.00,Sell,EEX
236,2021-10-06T09:21:32Z,Insert,2.0,173.00,Sell,EEX
237,2021-10-06T09:21:45Z,Insert,3.0,173.00,Sell,EEX
238,2021-10-06T09:21:54Z,Insert,1.0,173.00,Sell,EEX
239,2021-10-06T09:22:23Z,Insert,1.0,173.00,Sell,EEX
240,2021-10-06T09:22:39.249Z,Update,1.0,173.00,Buy,Marex Spectron
241,2021-10-06T09:23:12.211Z,Update,1.0,173.00,Sell,GFI
242,2021-10-06T09:23:12Z,Insert,1.0,173.00,Sell,EEX
243,2021-10-06T09:25:32Z,Insert,2.0,173.00,Sell,EEX
244,2021-10-06T09:26:00Z,Update,6.0,173.00,Sell,GFI
245,2021-10-06T09:26:28.954Z,Update,1.0,173.00,Sell,GFI
246,2021-10-06T09:26:29Z,Insert,1.0,173.00,Sell,EEX
247,2021-10-06T09:26:55.861Z,Update,1.0,173.00,Buy,GFI
248,2021-10-06T09:27:01Z,Insert,1.0,173.00,Sell,EEX
249,2021-10-06T09:27:04Z,Insert,1.0,173.00,Sell,EEX
250,2021-10-06T09:27:06.832Z,Update,1.0,173.00,Sell,GFI
251,2021-10-06T09:27:06Z,Insert,1.0,173.00,Sell,EEX
252,2021-10-06T09:27:08Z,Insert,1.0,173.00,Sell,EEX
253,2021-10-06T09:27:11.69Z,Update,3.0,173.00,Sell,GFI
254,2021-10-06T09:27:11Z,Insert,1.0,173.00,Sell,EEX
255,2021-10-06T09:27:24Z,Insert,1.0,173.00,Sell,EEX
256,2021-10-06T09:27:44.022Z,Update,1.0,173.00,Sell,Tradition
257,2021-10-06T09:27:46.612Z,Update,1.0,173.00,Sell,GFI
258,2021-10-06T09:27:55.033Z,Update,1.0,173.00,Sell,Tullett Prebon
259,2021-10-06T09:27:57.256Z,Update,1.0,173.00,Sell,Tradition
260,2021-10-06T09:27:57Z,Update,1.0,173.00,Buy,Tradition
261,2021-10-06T09:28:00Z,Update,3.0,171.40,Sell,GFI
262,2021-10-06T09:28:00Z,Update,2.0,172.00,Sell,GFI
263,2021-10-06T09:28:07Z,Insert,1.0,173.00,Sell,EEX
264,2021-10-06T09:28:27Z,Insert,1.0,172.52,Sell,EEX
265,2021-10-06T09:28:30Z,Insert,1.0,172.52,Sell,EEX
266,2021-10-06T09:30:00Z,Update,1.0,167.50,Sell,GFI
267,2021-10-06T09:30:00Z,Update,1.0,166.50,Sell,GFI
268,2021-10-06T09:31:17.739Z,Update,2.0,172.50,Buy,Marex Spectron
269,2021-10-06T09:33:26.911Z,Update,1.0,172.40,Sell,Tradition
270,2021-10-06T09:33:38Z,Insert,1.0,172.50,Sell,EEX
271,2021-10-06T09:34:39.941Z,Update,1.0,172.40,Sell,Tradition
272,2021-10-06T09:34:40Z,Insert,1.0,172.45,Sell,EEX
273,2021-10-06T09:35:00Z,Insert,1.0,172.00,Sell,EEX
274,2021-10-06T09:35:10Z,Insert,1.0,172.45,Sell,EEX
275,2021-10-06T09:36:09.918Z,Update,1.0,172.00,Sell,GFI
276,2021-10-06T09:36:10.418Z,Update,1.0,172.00,Sell,GFI
277,2021-10-06T09:36:21Z,Insert,1.0,172.00,Sell,EEX
278,2021-10-06T09:36:26Z,Insert,1.0,172.00,Sell,EEX
279,2021-10-06T09:36:29Z,Insert,1.0,172.00,Sell,EEX
280,2021-10-06T09:36:32Z,Insert,2.0,172.00,Sell,EEX
281,2021-10-06T09:36:35Z,Insert,1.0,172.00,Sell,EEX
282,2021-10-06T09:36:58Z,Insert,1.0,172.00,Sell,EEX
283,2021-10-06T09:39:03.853Z,Update,2.0,172.00,Buy,GFI
284,2021-10-06T09:39:31.857Z,Update,2.0,172.00,Sell,GFI
285,2021-10-06T09:39:41.67Z,Update,1.0,172.00,Sell,GFI
286,2021-10-06T09:39:44.922Z,Update,3.0,172.00,Sell,GFI
287,2021-10-06T09:39:44.991Z,Update,1.0,172.00,Buy,GFI
288,2021-10-06T09:39:46.829Z,Update,1.0,172.00,Sell,GFI
289,2021-10-06T09:43:59Z,Insert,1.0,171.75,Sell,EEX
290,2021-10-06T09:44:50.477Z,Update,1.0,171.50,Sell,GFI
291,2021-10-06T09:44:53Z,Insert,1.0,171.50,Sell,EEX
292,2021-10-06T09:45:00Z,Update,1.0,171.50,Sell,GFI
293,2021-10-06T09:45:49Z,Insert,1.0,171.25,Sell,EEX
294,2021-10-06T09:46:00Z,Insert,1.0,171.40,Sell,EEX
295,2021-10-06T09:46:11.019Z,Update,1.0,171.40,Sell,GFI
296,2021-10-06T09:46:14.537Z,Update,1.0,171.40,Sell,GFI
297,2021-10-06T09:46:45.798Z,Update,1.0,171.40,Sell,GFI
298,2021-10-06T09:47:00.767Z,Update,5.0,170.00,Sell,Marex Spectron
299,2021-10-06T09:48:04Z,Insert,2.0,168.25,Sell,EEX
300,2021-10-06T09:48:26Z,Insert,1.0,168.25,Sell,EEX
301,2021-10-06T09:48:41.47Z,Insert,5.0,169.75,Buy,Griffin Markets Europe SAS
302,2021-10-06T09:48:41.47Z,Insert,5.0,169.75,Buy,Griffin Markets Europe SAS
303,2021-10-06T09:48:45Z,Insert,1.0,167.75,Sell,EEX
304,2021-10-06T09:49:51Z,Insert,1.0,167.50,Sell,EEX
305,2021-10-06T09:49:56Z,Insert,1.0,167.50,Sell,EEX
306,2021-10-06T09:50:00Z,Update,4.0,163.75,Sell,GFI
307,2021-10-06T09:50:35Z,Insert,1.0,167.00,Sell,EEX
308,2021-10-06T09:51:17.092Z,Update,1.0,166.50,Sell,Tradition
309,2021-10-06T09:51:28.698Z,Update,1.0,165.84,Sell,GFI
310,2021-10-06T09:51:29Z,Insert,1.0,165.85,Sell,EEX
311,2021-10-06T09:51:40.748Z,Update,1.0,167.50,Sell,GFI
312,2021-10-06T09:51:43Z,Insert,1.0,165.50,Sell,EEX
313,2021-10-06T09:51:44.316Z,Update,1.0,166.00,Sell,GFI
314,2021-10-06T09:51:52.724Z,Update,1.0,166.50,Sell,GFI
315,2021-10-06T09:51:55.482Z,Update,1.0,165.00,Sell,Tradition
316,2021-10-06T09:51:55Z,Update,1.0,165.00,Sell,Tradition
317,2021-10-06T09:52:00Z,Insert,1.0,165.42,Sell,EEX
318,2021-10-06T09:52:12Z,Insert,1.0,165.00,Sell,EEX
319,2021-10-06T09:52:16.161Z,Update,1.0,165.50,Sell,Arraco Global Markets
320,2021-10-06T09:52:20.607Z,Update,1.0,166.00,Sell,GFI
321,2021-10-06T09:52:20Z,Insert,1.0,166.00,Sell,EEX
322,2021-10-06T09:52:32Z,Insert,1.0,166.00,Sell,EEX
323,2021-10-06T09:52:33.884Z,Update,1.0,166.00,Buy,GFI
324,2021-10-06T09:52:33Z,Insert,1.0,166.00,Sell,EEX
325,2021-10-06T09:53:05.974Z,Update,1.0,171.40,Sell,GFI
326,2021-10-06T09:55:16Z,Insert,2.0,164.50,Sell,EEX
327,2021-10-06T09:55:23Z,Insert,1.0,163.75,Sell,EEX
328,2021-10-06T09:55:29Z,Insert,1.0,163.10,Sell,EEX
329,2021-10-06T09:55:38Z,Insert,1.0,163.75,Sell,EEX
330,2021-10-06T09:55:51.052Z,Update,5.0,163.50,Sell,GFI
331,2021-10-06T09:55:57Z,Insert,1.0,163.00,Sell,EEX
332,2021-10-06T09:56:06.41Z,Update,1.0,163.50,Sell,GFI
333,2021-10-06T09:56:59.949Z,Update,1.0,162.00,Sell,GFI
334,2021-10-06T09:57:03.022Z,Update,1.0,162.00,Sell,GFI
335,2021-10-06T09:57:04.95Z,Update,1.0,163.75,Sell,GFI
336,2021-10-06T09:57:06.168Z,Update,1.0,162.00,Sell,GFI
337,2021-10-06T09:57:09.672Z,Update,1.0,162.00,Sell,GFI
338,2021-10-06T09:57:12.058Z,Update,1.0,163.75,Sell,GFI
339,2021-10-06T09:57:15.934Z,Update,2.0,163.75,Sell,GFI
340,2021-10-06T09:57:21.375Z,Insert,1.0,162.00,Buy,GFI
341,2021-10-06T09:57:37Z,Insert,1.0,162.00,Sell,EEX
342,2021-10-06T09:57:53Z,Insert,1.0,162.00,Sell,EEX
343,2021-10-06T09:57:54Z,Insert,2.0,161.30,Sell,EEX
344,2021-10-06T09:58:11Z,Insert,1.0,161.30,Sell,EEX
345,2021-10-06T09:58:13.955Z,Insert,1.0,162.00,Sell,Marex Spectron
346,2021-10-06T09:58:31.636Z,Update,1.0,162.12,Sell,Tradition
347,2021-10-06T09:58:39.112Z,Update,1.0,162.00,Sell,GFI
348,2021-10-06T09:59:00Z,Update,1.0,162.00,Buy,GFI
349,2021-10-06T09:59:12Z,Insert,1.0,162.00,Sell,EEX
350,2021-10-06T09:59:15Z,Insert,1.0,161.00,Sell,EEX
351,2021-10-06T09:59:35Z,Insert,1.0,161.25,Sell,EEX
352,2021-10-06T09:59:57.617Z,Insert,1.0,161.00,Sell,Tullett Prebon
353,2021-10-06T10:00:01Z,Insert,1.0,161.00,Sell,EEX
354,2021-10-06T10:00:46.982Z,Update,1.0,160.00,Sell,GFI
355,2021-10-06T10:01:23.199Z,Update,1.0,159.50,Sell,GFI
356,2021-10-06T10:02:08.141Z,Update,5.0,158.60,Sell,ICAP
357,2021-10-06T10:02:16.447Z,Update,1.0,153.00,Sell,Tullett Prebon
358,2021-10-06T10:03:13.03Z,Update,5.0,157.80,Buy,Marex Spectron
359,2021-10-06T10:03:38.42Z,Update,1.0,155.500,Sell,Griffin Markets Europe SAS
360,2021-10-06T10:03:42Z,Insert,1.0,154.95,Sell,EEX
361,2021-10-06T10:03:52Z,Insert,1.0,154.50,Sell,EEX
362,2021-10-06T10:04:37.307Z,Update,2.0,153.00,Buy,Arraco Global Markets
363,2021-10-06T10:04:38.161Z,Update,2.0,153.00,Buy,Marex Spectron
364,2021-10-06T10:04:38Z,Insert,1.0,153.00,Buy,EEX
365,2021-10-06T10:04:45Z,Insert,1.0,153.00,Sell,EEX
366,2021-10-06T10:04:47.124Z,Update,1.0,153.00,Buy,Marex Spectron
367,2021-10-06T10:05:24.531Z,Update,2.0,152.75,Sell,Marex Spectron
368,2021-10-06T10:06:15Z,Insert,3.0,152.00,Sell,EEX
369,2021-10-06T10:06:18Z,Insert,1.0,152.00,Sell,EEX
370,2021-10-06T10:06:24Z,Insert,1.0,152.00,Sell,EEX
371,2021-10-06T10:07:02.133Z,Update,2.0,152.00,Sell,Tradition
372,2021-10-06T10:07:04Z,Insert,1.0,152.00,Sell,EEX
373,2021-10-06T10:07:05.148Z,Update,1.0,152.00,Sell,Tradition
374,2021-10-06T10:07:24Z,Insert,1.0,152.00,Sell,EEX
375,2021-10-06T10:07:38Z,Insert,1.0,152.00,Sell,EEX
376,2021-10-06T10:07:59Z,Insert,1.0,151.50,Sell,EEX
377,2021-10-06T10:08:04.118Z,Update,1.0,150.00,Buy,Tullett Prebon
378,2021-10-06T10:08:15Z,Insert,1.0,152.00,Sell,EEX
379,2021-10-06T10:08:53.367Z,Update,1.0,151.00,Sell,Tradition
380,2021-10-06T10:08:57.677Z,Update,1.0,151.000,Sell,Griffin Markets Europe SAS
381,2021-10-06T10:09:07Z,Insert,2.0,150.00,Sell,EEX
382,2021-10-06T10:09:15Z,Insert,5.0,149.74,Sell,EEX
383,2021-10-06T10:10:28.772Z,Update,1.0,149.70,Sell,Tradition
384,2021-10-06T10:10:28.772Z,Update,1.0,149.70,Sell,Tradition
385,2021-10-06T10:10:34.576Z,Insert,1.0,150.00,Buy,Tullett Prebon
386,2021-10-06T10:10:39Z,Insert,1.0,150.00,Sell,EEX
387,2021-10-06T10:11:00Z,Update,2.0,151.15,Sell,GFI
388,2021-10-06T10:11:03Z,Insert,1.0,150.00,Sell,EEX
389,2021-10-06T10:11:29Z,Insert,2.0,150.20,Sell,EEX
390,2021-10-06T10:11:45.132Z,Update,1.0,151.15,Sell,GFI
391,2021-10-06T10:11:46.993Z,Update,1.0,151.15,Sell,GFI
392,2021-10-06T10:11:48.039Z,Update,1.0,152.00,Sell,Tullett Prebon
393,2021-10-06T10:11:54Z,Insert,1.0,152.00,Sell,EEX
394,2021-10-06T10:12:15.905Z,Update,1.0,152.00,Buy,ICAP
395,2021-10-06T10:12:35Z,Insert,1.0,152.00,Sell,EEX
396,2021-10-06T10:12:37Z,Insert,1.0,153.00,Sell,EEX
397,2021-10-06T10:12:40.452Z,Insert,1.0,153.00,Buy,Tullett Prebon
398,2021-10-06T10:12:55Z,Insert,1.0,154.00,Sell,EEX
399,2021-10-06T10:13:18Z,Insert,1.0,155.00,Sell,EEX
400,2021-10-06T10:13:20Z,Insert,1.0,155.00,Sell,EEX
401,2021-10-06T10:13:40Z,Insert,1.0,155.00,Sell,EEX
402,2021-10-06T10:13:54Z,Insert,2.0,155.00,Sell,EEX
403,2021-10-06T10:14:26Z,Update,1.0,156.00,Sell,Tradition
404,2021-10-06T10:14:26Z,Insert,1.0,156.00,Sell,EEX
405,2021-10-06T10:14:31Z,Insert,1.0,155.00,Sell,EEX
406,2021-10-06T10:14:39Z,Insert,1.0,156.00,Sell,EEX
407,2021-10-06T10:14:42Z,Insert,1.0,155.00,Sell,EEX
408,2021-10-06T10:15:11Z,Update,1.0,155.00,Sell,Tullett Prebon
409,2021-10-06T10:15:11Z,Insert,1.0,155.00,Sell,EEX
410,2021-10-06T10:19:25Z,Insert,1.0,156.00,Sell,EEX
411,2021-10-06T10:19:57.677Z,Update,1.0,157.000,Buy,Griffin Markets Europe SAS
412,2021-10-06T10:20:23Z,Insert,1.0,157.45,Sell,EEX
413,2021-10-06T10:20:25Z,Insert,1.0,157.45,Sell,EEX
414,2021-10-06T10:20:25Z,Insert,1.0,157.45,Sell,EEX
415,2021-10-06T10:20:25Z,Insert,1.0,157.45,Sell,EEX
416,2021-10-06T10:20:55Z,Insert,1.0,159.00,Sell,EEX
417,2021-10-06T10:21:23Z,Insert,1.0,159.00,Sell,EEX
418,2021-10-06T10:23:00Z,Update,3.0,161.50,Sell,GFI
419,2021-10-06T10:23:38.886Z,Update,2.0,161.50,Sell,GFI
420,2021-10-06T10:23:51.783Z,Update,1.0,161.50,Sell,GFI
421,2021-10-06T10:25:27.744Z,Update,1.0,161.00,Sell,GFI
422,2021-10-06T10:25:48.092Z,Update,5.0,161.00,Sell,GFI
423,2021-10-06T10:26:00Z,Update,6.0,161.00,Sell,GFI
424,2021-10-06T10:27:55Z,Insert,1.0,160.50,Sell,EEX
425,2021-10-06T10:28:10Z,Insert,1.0,160.50,Sell,EEX
426,2021-10-06T10:30:00Z,Update,5.0,162.50,Sell,GFI
427,2021-10-06T10:30:25Z,Insert,3.0,162.50,Sell,EEX
428,2021-10-06T10:30:38.852Z,Update,5.0,162.50,Sell,GFI
429,2021-10-06T10:31:41.271Z,Update,5.0,162.50,Sell,GFI
430,2021-10-06T10:33:39.389Z,Update,1.0,163.50,Buy,Tradition
431,2021-10-06T10:33:59Z,Insert,1.0,163.50,Sell,EEX
432,2021-10-06T10:34:09.71Z,Update,2.0,163.50,Sell,GFI
433,2021-10-06T10:34:33.131Z,Update,3.0,163.50,Sell,GFI
434,2021-10-06T10:35:00Z,Update,5.0,163.50,Sell,GFI
435,2021-10-06T10:36:49.553Z,Update,1.0,162.47,Sell,GFI
436,2021-10-06T10:36:53Z,Insert,2.0,163.00,Sell,EEX
437,2021-10-06T10:37:09.5013169Z,Insert,1.0,162.00,Sell,EEX
438,2021-10-06T10:37:09Z,Insert,1.0,162.00,Sell,EEX
439,2021-10-06T10:37:10.15Z,Insert,4.0,162.00,Buy,Griffin Markets Europe SAS
440,2021-10-06T10:37:10.15Z,Insert,4.0,162.00,Buy,Griffin Markets Europe SAS
441,2021-10-06T10:37:46.403Z,Update,1.0,162.00,Sell,Tradition
442,2021-10-06T10:38:06Z,Insert,2.0,161.25,Sell,EEX
443,2021-10-06T10:38:12.685Z,Update,2.0,163.50,Sell,GFI
444,2021-10-06T10:38:13.643Z,Update,1.0,161.00,Sell,Arraco Global Markets
445,2021-10-06T10:38:19.25Z,Update,1.0,161.00,Sell,Arraco Global Markets
446,2021-10-06T10:38:28.534Z,Update,3.0,161.00,Sell,Arraco Global Markets
447,2021-10-06T10:39:02.012Z,Update,5.0,160.50,Sell,GFI
448,2021-10-06T10:39:26Z,Insert,1.0,160.10,Sell,EEX
449,2021-10-06T10:39:30.86Z,Insert,3.0,160.10,Sell,Griffin Markets Europe SAS
450,2021-10-06T10:39:30.86Z,Insert,3.0,160.10,Sell,Griffin Markets Europe SAS
451,2021-10-06T10:39:43Z,Insert,2.0,159.00,Sell,EEX
452,2021-10-06T10:39:58.34Z,Update,3.0,160.00,Sell,Tradition
453,2021-10-06T10:40:06.289Z,Update,5.0,159.50,Sell,GFI
454,2021-10-06T10:40:39.107Z,Update,1.0,158.00,Sell,ICAP
455,2021-10-06T10:40:45.577Z,Update,1.0,158.00,Sell,ICAP
456,2021-10-06T10:40:48Z,Insert,1.0,158.00,Sell,EEX
457,2021-10-06T10:41:20Z,Insert,1.0,157.50,Sell,EEX
458,2021-10-06T10:41:25.279Z,Update,1.0,157.25,Sell,GFI
459,2021-10-06T10:42:09.233Z,Update,1.0,156.50,Sell,GFI
460,2021-10-06T10:42:26.46Z,Update,2.0,156.00,Sell,Marex Spectron
461,2021-10-06T10:42:26.733Z,Update,1.0,156.00,Sell,GFI
462,2021-10-06T10:42:28.914Z,Update,1.0,156.00,Sell,Marex Spectron
463,2021-10-06T10:42:32Z,Insert,1.0,156.00,Sell,EEX
464,2021-10-06T10:43:31Z,Insert,1.0,155.00,Sell,EEX
465,2021-10-06T10:43:38Z,Insert,1.0,155.00,Sell,EEX
466,2021-10-06T10:46:34Z,Insert,2.0,155.76,Sell,EEX
467,2021-10-06T10:47:09.872Z,Update,1.0,155.500,Sell,Griffin Markets Europe SAS
468,2021-10-06T10:47:28.625Z,Insert,1.0,157.00,Buy,Marex Spectron
469,2021-10-06T10:48:10.957Z,Insert,3.0,156.00,Sell,Griffin Markets Europe SAS
470,2021-10-06T10:48:10.957Z,Insert,3.0,156.00,Sell,Griffin Markets Europe SAS
471,2021-10-06T10:48:19Z,Insert,1.0,156.00,Sell,EEX
472,2021-10-06T10:49:02.746Z,Update,1.0,156.50,Buy,ICAP
473,2021-10-06T10:53:11.973Z,Update,1.0,156.50,Buy,ICAP
474,2021-10-06T10:54:34Z,Insert,1.0,156.00,Sell,EEX
475,2021-10-06T10:54:45Z,Insert,1.0,156.00,Sell,EEX
476,2021-10-06T10:55:06.663Z,Update,1.0,156.00,Sell,Tradition
477,2021-10-06T10:55:10.772Z,Update,1.0,156.00,Sell,Tradition
478,2021-10-06T10:59:55.031Z,Update,1.0,156.00,Sell,Marex Spectron
479,2021-10-06T11:00:18Z,Insert,1.0,156.00,Sell,EEX
480,2021-10-06T11:00:29.086Z,Update,1.0,156.00,Sell,Marex Spectron
481,2021-10-06T11:01:18Z,Insert,1.0,156.50,Sell,EEX
482,2021-10-06T11:02:13Z,Insert,1.0,157.00,Sell,EEX
483,2021-10-06T11:02:15Z,Insert,1.0,157.00,Sell,EEX
484,2021-10-06T11:02:16Z,Insert,1.0,157.00,Sell,EEX
485,2021-10-06T11:02:18Z,Insert,1.0,157.00,Sell,EEX
486,2021-10-06T11:02:20Z,Insert,1.0,157.00,Sell,EEX
487,2021-10-06T11:02:23Z,Insert,1.0,157.00,Sell,EEX
488,2021-10-06T11:02:23Z,Insert,1.0,157.00,Sell,EEX
489,2021-10-06T11:02:26Z,Insert,1.0,157.00,Sell,EEX
490,2021-10-06T11:02:31Z,Insert,1.0,157.00,Sell,EEX
491,2021-10-06T11:02:32Z,Insert,1.0,157.00,Sell,EEX
492,2021-10-06T11:02:51Z,Insert,1.0,157.00,Sell,EEX
493,2021-10-06T11:02:57Z,Insert,1.0,157.00,Sell,EEX
494,2021-10-06T11:02:57Z,Insert,1.0,157.00,Sell,EEX
495,2021-10-06T11:02:58Z,Insert,1.0,157.00,Sell,EEX
496,2021-10-06T11:03:33Z,Insert,1.0,157.00,Sell,EEX
497,2021-10-06T11:03:34Z,Insert,1.0,157.00,Sell,EEX
498,2021-10-06T11:04:04Z,Update,3.0,157.10,Sell,Tradition
499,2021-10-06T11:04:04Z,Update,1.0,157.00,Sell,Tradition
500,2021-10-06T11:04:22Z,Insert,1.0,157.10,Sell,EEX
501,2021-10-06T11:04:40Z,Insert,2.0,157.10,Sell,EEX
502,2021-10-06T11:05:33.503Z,Update,1.0,157.25,Sell,Tradition
503,2021-10-06T11:05:34.534Z,Update,1.0,157.25,Sell,Tradition
504,2021-10-06T11:05:35Z,Insert,1.0,157.00,Sell,EEX
505,2021-10-06T11:05:43Z,Insert,1.0,157.00,Sell,EEX
506,2021-10-06T11:05:44.409Z,Update,1.0,157.25,Sell,Tradition
507,2021-10-06T11:06:12Z,Insert,1.0,157.00,Sell,EEX
508,2021-10-06T11:06:14Z,Update,1.0,157.00,Sell,Tradition
509,2021-10-06T11:06:35.811Z,Update,1.0,156.00,Sell,Marex Spectron
510,2021-10-06T11:06:50Z,Insert,1.0,155.50,Sell,EEX
511,2021-10-06T11:07:43.277Z,Update,5.0,155.500,Sell,Griffin Markets Europe SAS
512,2021-10-06T11:07:46.167Z,Update,3.0,155.50,Sell,Tullett Prebon
513,2021-10-06T11:07:47.299Z,Update,1.0,155.50,Sell,Tradition
514,2021-10-06T11:08:33Z,Update,3.0,157.00,Sell,Tradition
515,2021-10-06T11:09:17.971Z,Update,2.0,155.00,Sell,Griffin Markets Europe SAS
516,2021-10-06T11:09:22.174Z,Update,1.0,155.00,Sell,Tullett Prebon
517,2021-10-06T11:09:23Z,Insert,1.0,155.00,Sell,EEX
518,2021-10-06T11:09:24Z,Insert,1.0,155.00,Sell,EEX
519,2021-10-06T11:09:26.82Z,Insert,4.0,155.00,Sell,Griffin Markets Europe SAS
520,2021-10-06T11:09:26.82Z,Insert,4.0,155.00,Sell,Griffin Markets Europe SAS
521,2021-10-06T11:09:29.204Z,Update,2.0,155.00,Sell,Griffin Markets Europe SAS
522,2021-10-06T11:09:34.9Z,Update,2.0,155.00,Sell,Griffin Markets Europe SAS
523,2021-10-06T11:09:54.832Z,Insert,1.0,155.00,Sell,Marex Spectron
524,2021-10-06T11:10:07.317Z,Update,1.0,156.25,Sell,Arraco Global Markets
525,2021-10-06T11:10:17.117Z,Update,1.0,155.00,Sell,Marex Spectron
526,2021-10-06T11:11:09.505Z,Update,3.0,155.00,Sell,Marex Spectron
527,2021-10-06T11:11:15.544Z,Update,2.0,155.00,Sell,Marex Spectron
528,2021-10-06T11:15:20Z,Insert,4.0,155.15,Sell,EEX
529,2021-10-06T11:16:21Z,Insert,1.0,155.00,Sell,EEX
530,2021-10-06T11:16:24.863Z,Update,1.0,155.00,Sell,Tullett Prebon
531,2021-10-06T11:16:58.391Z,Update,1.0,155.00,Sell,Tullett Prebon
532,2021-10-06T11:17:35.281Z,Update,1.0,155.00,Sell,Tullett Prebon
533,2021-10-06T11:21:04Z,Insert,1.0,155.00,Sell,EEX
534,2021-10-06T11:21:07Z,Insert,1.0,155.00,Sell,EEX
535,2021-10-06T11:21:08Z,Insert,1.0,154.80,Sell,EEX
536,2021-10-06T11:21:26Z,Insert,1.0,154.80,Sell,EEX
537,2021-10-06T11:21:28Z,Insert,1.0,154.80,Sell,EEX
538,2021-10-06T11:21:32Z,Insert,1.0,154.80,Sell,EEX
539,2021-10-06T11:21:33.22Z,Update,1.0,154.70,Sell,Arraco Global Markets
540,2021-10-06T11:21:42.786Z,Update,1.0,154.50,Sell,Tullett Prebon
541,2021-10-06T11:21:45Z,Insert,2.0,154.50,Sell,EEX
542,2021-10-06T11:21:51.515Z,Update,1.0,154.50,Sell,Marex Spectron
543,2021-10-06T11:21:53.436Z,Update,3.0,154.50,Sell,Tullett Prebon
544,2021-10-06T11:22:07.69Z,Update,3.0,153.50,Sell,Tullett Prebon
545,2021-10-06T11:22:08.984Z,Update,1.0,154.80,Sell,Tullett Prebon
546,2021-10-06T11:23:05Z,Insert,2.0,153.25,Sell,EEX
547,2021-10-06T11:23:06Z,Insert,2.0,153.25,Sell,EEX
548,2021-10-06T11:23:07Z,Insert,1.0,153.25,Sell,EEX
549,2021-10-06T11:23:27.596Z,Update,2.0,153.00,Sell,Marex Spectron
550,2021-10-06T11:23:32.213Z,Update,2.0,153.00,Sell,Marex Spectron
551,2021-10-06T11:23:32.781Z,Update,1.0,153.00,Sell,Marex Spectron
552,2021-10-06T11:23:35.605Z,Update,1.0,153.00,Sell,GFI
553,2021-10-06T11:23:45.929Z,Update,1.0,153.00,Sell,ICAP
554,2021-10-06T11:23:49Z,Insert,2.0,153.00,Sell,EEX
555,2021-10-06T11:24:11.518Z,Update,1.0,152.50,Sell,GFI
556,2021-10-06T11:24:13.824Z,Update,1.0,153.00,Sell,Tradition
557,2021-10-06T11:24:18.481Z,Update,1.0,152.90,Sell,Marex Spectron
558,2021-10-06T11:24:37Z,Insert,1.0,152.00,Sell,EEX
559,2021-10-06T11:24:48Z,Insert,1.0,152.00,Sell,EEX
560,2021-10-06T11:25:17Z,Insert,1.0,152.00,Sell,EEX
561,2021-10-06T11:26:37Z,Insert,1.0,152.00,Sell,EEX
562,2021-10-06T11:26:42Z,Insert,1.0,151.75,Sell,EEX
563,2021-10-06T11:26:43.841Z,Update,1.0,151.75,Sell,Tullett Prebon
564,2021-10-06T11:26:46.526Z,Update,1.0,151.50,Sell,GFI
565,2021-10-06T11:27:24Z,Insert,1.0,151.50,Sell,EEX
566,2021-10-06T11:27:29.229Z,Update,1.0,151.10,Sell,Arraco Global Markets
567,2021-10-06T11:27:30.652Z,Update,1.0,150.00,Sell,GFI
568,2021-10-06T11:27:35.526Z,Update,1.0,151.50,Sell,Tradition
569,2021-10-06T11:27:35Z,Insert,3.0,151.00,Sell,EEX
570,2021-10-06T11:27:41Z,Insert,1.0,150.05,Sell,EEX
571,2021-10-06T11:27:47.989Z,Update,1.0,150.00,Sell,Tullett Prebon
572,2021-10-06T11:27:49.906Z,Update,1.0,150.00,Sell,Tullett Prebon
573,2021-10-06T11:27:54.198Z,Update,2.0,150.00,Sell,Tullett Prebon
574,2021-10-06T11:27:55.375Z,Update,1.0,150.00,Sell,Tullett Prebon
575,2021-10-06T11:28:04Z,Insert,1.0,150.00,Sell,EEX
576,2021-10-06T11:28:08Z,Insert,1.0,150.00,Sell,EEX
577,2021-10-06T11:29:27Z,Insert,2.0,150.00,Sell,EEX
578,2021-10-06T11:29:55.33Z,Update,5.0,150.00,Sell,GFI
579,2021-10-06T11:29:59.222Z,Update,1.0,150.00,Sell,Tullett Prebon
580,2021-10-06T11:30:02Z,Insert,1.0,150.00,Sell,EEX
581,2021-10-06T11:30:46Z,Insert,3.0,149.00,Sell,EEX
582,2021-10-06T11:32:01Z,Insert,2.0,150.00,Sell,EEX
583,2021-10-06T11:32:06Z,Insert,1.0,150.00,Sell,EEX
584,2021-10-06T11:32:22Z,Insert,1.0,150.00,Sell,EEX
585,2021-10-06T11:32:34Z,Insert,2.0,150.00,Sell,EEX
586,2021-10-06T11:32:57.043Z,Update,1.0,150.03,Buy,GFI
587,2021-10-06T11:36:14Z,Insert,1.0,151.00,Sell,EEX
588,2021-10-06T11:36:32.213Z,Update,1.0,151.00,Buy,Griffin Markets Europe SAS
589,2021-10-06T11:37:56.069Z,Insert,1.0,152.00,Buy,Marex Spectron
590,2021-10-06T11:38:51Z,Insert,1.0,152.00,Sell,EEX
591,2021-10-06T11:39:07Z,Insert,1.0,152.00,Sell,EEX
592,2021-10-06T11:39:30Z,Insert,1.0,152.00,Sell,EEX
593,2021-10-06T11:40:00Z,Update,5.0,152.15,Sell,Tullett Prebon
594,2021-10-06T11:40:00Z,Insert,5.0,152.15,Sell,Tullett Prebon
595,2021-10-06T11:43:09.684Z,Update,1.0,152.75,Sell,GFI
596,2021-10-06T11:43:13.98Z,Update,1.0,152.75,Sell,GFI
597,2021-10-06T11:43:15.416Z,Update,1.0,152.75,Sell,GFI
598,2021-10-06T11:43:18.016Z,Update,1.0,152.75,Sell,GFI
599,2021-10-06T11:43:22.666Z,Update,1.0,152.75,Sell,GFI
600,2021-10-06T11:43:32.619Z,Update,1.0,152.75,Sell,GFI
601,2021-10-06T11:46:36.96Z,Update,1.0,152.80,Sell,Tullett Prebon
602,2021-10-06T11:46:39.624Z,Update,1.0,152.80,Sell,Tullett Prebon
603,2021-10-06T11:46:43.426Z,Update,3.0,152.75,Sell,GFI
604,2021-10-06T11:46:45.22Z,Update,3.0,152.75,Sell,GFI
605,2021-10-06T11:46:47.594Z,Update,3.0,152.75,Sell,GFI
606,2021-10-06T11:47:02.021Z,Update,1.0,152.25,Sell,Marex Spectron
607,2021-10-06T11:47:02Z,Insert,1.0,152.25,Sell,EEX
608,2021-10-06T11:48:24.547Z,Update,2.0,152.15,Sell,Griffin Markets Europe SAS
609,2021-10-06T11:48:26.17Z,Update,2.0,152.15,Sell,Griffin Markets Europe SAS
610,2021-10-06T11:48:28.916Z,Update,2.0,152.15,Sell,Griffin Markets Europe SAS
611,2021-10-06T11:48:29.056Z,Update,2.0,152.15,Sell,Griffin Markets Europe SAS
612,2021-10-06T11:48:35Z,Insert,1.0,152.00,Sell,EEX
613,2021-10-06T11:48:38.181Z,Update,1.0,152.00,Sell,Marex Spectron
614,2021-10-06T11:50:29Z,Insert,1.0,152.00,Sell,EEX
615,2021-10-06T11:50:45Z,Insert,1.0,152.00,Sell,EEX
616,2021-10-06T11:51:23.716Z,Update,1.0,151.50,Sell,Arraco Global Markets
617,2021-10-06T11:51:29Z,Insert,1.0,151.50,Sell,EEX
618,2021-10-06T11:51:54Z,Insert,1.0,151.50,Sell,EEX
619,2021-10-06T11:52:03.521Z,Update,1.0,151.50,Sell,GFI
620,2021-10-06T11:52:21.782Z,Update,1.0,151.50,Sell,Tullett Prebon
621,2021-10-06T11:52:44.471Z,Update,1.0,151.50,Sell,GFI
622,2021-10-06T11:53:35Z,Insert,1.0,151.50,Sell,EEX
623,2021-10-06T11:54:04.086Z,Update,1.0,151.00,Sell,Tullett Prebon
624,2021-10-06T11:54:10Z,Insert,1.0,151.00,Sell,EEX
625,2021-10-06T11:54:15Z,Insert,1.0,150.75,Sell,EEX
626,2021-10-06T11:55:34.652Z,Update,1.0,150.50,Sell,Griffin Markets Europe SAS
627,2021-10-06T11:55:39Z,Insert,1.0,150.00,Sell,EEX
628,2021-10-06T11:55:42Z,Insert,1.0,150.00,Sell,EEX
629,2021-10-06T11:55:43Z,Insert,1.0,150.00,Sell,EEX
630,2021-10-06T11:55:46Z,Insert,1.0,150.00,Sell,EEX
631,2021-10-06T11:56:39.256Z,Update,1.0,149.50,Sell,GFI
632,2021-10-06T11:56:42Z,Insert,1.0,149.35,Sell,EEX
633,2021-10-06T11:56:45Z,Insert,1.0,149.25,Sell,EEX
634,2021-10-06T11:56:47Z,Insert,1.0,149.00,Sell,EEX
635,2021-10-06T11:57:32Z,Insert,1.0,149.00,Sell,EEX
636,2021-10-06T11:57:39Z,Insert,2.0,149.00,Sell,EEX
637,2021-10-06T11:57:53Z,Insert,1.0,149.00,Sell,EEX
638,2021-10-06T12:01:23Z,Insert,1.0,149.00,Sell,EEX
639,2021-10-06T12:02:41Z,Insert,1.0,149.00,Sell,EEX
640,2021-10-06T12:03:11Z,Insert,1.0,149.00,Sell,EEX
641,2021-10-06T12:03:13Z,Insert,4.0,149.00,Sell,EEX
642,2021-10-06T12:05:49.468Z,Update,1.0,149.00,Sell,ICAP
643,2021-10-06T12:07:29.007Z,Update,1.0,149.00,Sell,Tullett Prebon
644,2021-10-06T12:08:03.412Z,Update,1.0,149.00,Buy,Tullett Prebon
645,2021-10-06T12:08:23Z,Insert,1.0,148.50,Sell,EEX
646,2021-10-06T12:09:09Z,Insert,1.0,148.50,Sell,EEX
647,2021-10-06T12:09:11.392Z,Update,2.0,148.50,Sell,GFI
648,2021-10-06T12:11:34.468Z,Update,2.0,148.50,Sell,Tullett Prebon
649,2021-10-06T12:11:43Z,Insert,1.0,148.25,Sell,EEX
650,2021-10-06T12:13:08.953Z,Update,2.0,147.50,Sell,Marex Spectron
651,2021-10-06T12:15:41.737Z,Update,1.0,143.00,Sell,Marex Spectron
652,2021-10-06T12:15:51.425Z,Update,1.0,143.00,Sell,ICAP
653,2021-10-06T12:15:56Z,Insert,1.0,142.50,Sell,EEX
654,2021-10-06T12:15:59Z,Insert,1.0,142.50,Sell,EEX
655,2021-10-06T12:16:00Z,Insert,1.0,143.16,Sell,EEX
656,2021-10-06T12:16:32Z,Insert,1.0,142.00,Sell,EEX
657,2021-10-06T12:16:45.3014288Z,Insert,1.0,142.00,Buy,EEX
658,2021-10-06T12:16:45Z,Insert,1.0,142.00,Buy,EEX
659,2021-10-06T12:17:12.783Z,Insert,1.0,142.00,Sell,Griffin Markets Europe SAS
660,2021-10-06T12:17:12.783Z,Insert,1.0,142.00,Sell,Griffin Markets Europe SAS
661,2021-10-06T12:17:16.146Z,Update,1.0,142.00,Sell,ICAP
662,2021-10-06T12:17:44Z,Insert,1.0,142.00,Sell,EEX
663,2021-10-06T12:18:03.977Z,Insert,1.0,141.00,Sell,Griffin Markets Europe SAS
664,2021-10-06T12:18:03.977Z,Insert,1.0,141.00,Sell,Griffin Markets Europe SAS
665,2021-10-06T12:18:09.836Z,Update,1.0,140.00,Sell,Arraco Global Markets
666,2021-10-06T12:18:13Z,Insert,1.0,140.00,Sell,EEX
667,2021-10-06T12:18:13Z,Insert,1.0,140.00,Sell,EEX
668,2021-10-06T12:18:14Z,Insert,1.0,140.00,Sell,EEX
669,2021-10-06T12:18:15Z,Insert,1.0,140.00,Sell,EEX
670,2021-10-06T12:18:52Z,Insert,1.0,139.00,Sell,EEX
671,2021-10-06T12:19:12.634Z,Insert,2.0,139.00,Sell,Marex Spectron
672,2021-10-06T12:23:10.751Z,Update,1.0,138.00,Buy,GFI
673,2021-10-06T12:23:13Z,Insert,1.0,138.70,Sell,EEX
674,2021-10-06T12:23:31Z,Insert,1.0,138.00,Sell,EEX
675,2021-10-06T12:23:37Z,Insert,4.0,138.00,Sell,EEX
676,2021-10-06T12:24:46Z,Insert,1.0,138.00,Sell,EEX
677,2021-10-06T12:24:53Z,Insert,1.0,138.00,Sell,EEX
678,2021-10-06T12:25:00Z,Insert,2.0,138.00,Sell,EEX
679,2021-10-06T12:25:05.525Z,Update,1.0,138.70,Sell,CIMD
680,2021-10-06T12:25:06Z,Insert,3.0,138.00,Sell,EEX
681,2021-10-06T12:25:09Z,Insert,1.0,138.20,Sell,EEX
682,2021-10-06T12:25:17Z,Insert,4.0,138.20,Sell,EEX
683,2021-10-06T12:25:17Z,Update,4.0,138.20,Sell,Tullett Prebon
684,2021-10-06T12:25:37Z,Insert,8.0,138.70,Sell,EEX
685,2021-10-06T12:26:14Z,Insert,1.0,140.00,Sell,EEX
686,2021-10-06T12:26:15Z,Insert,1.0,140.00,Sell,EEX
687,2021-10-06T12:26:18.693Z,Update,1.0,140.00,Sell,Tradition
688,2021-10-06T12:26:30Z,Insert,3.0,140.10,Sell,EEX
689,2021-10-06T12:26:32Z,Insert,2.0,140.10,Sell,EEX
690,2021-10-06T12:27:57Z,Insert,1.0,141.00,Sell,EEX
691,2021-10-06T12:28:27.621Z,Update,1.0,141.00,Buy,Arraco Global Markets
692,2021-10-06T12:29:51Z,Insert,1.0,141.50,Sell,EEX
693,2021-10-06T12:30:30Z,Insert,1.0,142.00,Sell,EEX
694,2021-10-06T12:30:36Z,Insert,1.0,142.00,Sell,EEX
695,2021-10-06T12:35:42.771Z,Update,1.0,142.50,Sell,Griffin Markets Europe SAS
696,2021-10-06T12:36:49Z,Insert,2.0,142.00,Sell,EEX
697,2021-10-06T12:36:50.28Z,Update,2.0,142.00,Sell,GFI
698,2021-10-06T12:37:27Z,Insert,1.0,141.50,Sell,EEX
699,2021-10-06T12:40:11.078Z,Update,1.0,141.75,Sell,Griffin Markets Europe SAS
700,2021-10-06T12:43:50Z,Insert,1.0,142.50,Sell,EEX
701,2021-10-06T12:44:02Z,Insert,1.0,142.75,Sell,EEX
702,2021-10-06T12:44:20.128Z,Update,2.0,143.00,Buy,Tullett Prebon
703,2021-10-06T12:46:54Z,Insert,1.0,143.00,Sell,EEX
704,2021-10-06T12:47:37.313Z,Update,1.0,142.50,Sell,GFI
705,2021-10-06T12:47:43Z,Insert,1.0,142.00,Sell,EEX
706,2021-10-06T12:51:02.882Z,Update,1.0,142.00,Sell,Tullett Prebon
707,2021-10-06T12:51:02.929Z,Update,1.0,142.00,Sell,Tullett Prebon
708,2021-10-06T12:51:02.976Z,Update,1.0,142.00,Sell,Tullett Prebon
709,2021-10-06T12:51:02Z,Insert,1.0,142.00,Sell,EEX
710,2021-10-06T12:51:34Z,Insert,1.0,142.00,Sell,EEX
711,2021-10-06T12:53:00.771Z,Update,1.0,141.75,Sell,Griffin Markets Europe SAS
712,2021-10-06T12:53:12.36Z,Insert,2.0,141.75,Sell,Griffin Markets Europe SAS
713,2021-10-06T12:53:12.36Z,Insert,2.0,141.75,Sell,Griffin Markets Europe SAS
714,2021-10-06T12:53:18.753Z,Insert,3.0,141.80,Sell,Marex Spectron
715,2021-10-06T12:53:20.39Z,Update,1.0,142.05,Sell,Marex Spectron
716,2021-10-06T12:54:17Z,Insert,4.0,142.00,Sell,EEX
717,2021-10-06T12:54:21Z,Insert,1.0,142.00,Sell,EEX
718,2021-10-06T12:55:30.671Z,Update,1.0,141.65,Sell,Marex Spectron
719,2021-10-06T12:58:19.363Z,Update,1.0,141.00,Sell,Marex Spectron
720,2021-10-06T12:59:00Z,Update,1.0,141.00,Buy,Marex Spectron
721,2021-10-06T12:59:25.849Z,Insert,1.0,141.00,Sell,Marex Spectron
722,2021-10-06T13:00:00Z,Update,1.0,140.50,Sell,Marex Spectron
723,2021-10-06T13:00:11.144Z,Update,2.0,140.50,Sell,Marex Spectron
724,2021-10-06T13:00:19.93Z,Update,1.0,140.65,Sell,Arraco Global Markets
725,2021-10-06T13:00:41Z,Insert,1.0,140.50,Sell,EEX
726,2021-10-06T13:00:55Z,Insert,1.0,140.50,Sell,EEX
727,2021-10-06T13:03:08Z,Insert,1.0,140.50,Sell,EEX
728,2021-10-06T13:03:29.712Z,Insert,25.0,140.75,Sell,Tullett Prebon
729,2021-10-06T13:03:29.712Z,Insert,15.0,137.00,Buy,Tullett Prebon
730,2021-10-06T13:03:29.712Z,Update,100.0,140.75,Buy,Tullett Prebon
731,2021-10-06T13:03:29.712Z,Update,25.0,140.75,Sell,Tullett Prebon
732,2021-10-06T13:03:29.712Z,Insert,100.0,140.75,Buy,Tullett Prebon
733,2021-10-06T13:04:13.241Z,Update,5.0,140.50,Sell,Tradition
734,2021-10-06T13:05:24.028Z,Update,1.0,140.50,Buy,Tullett Prebon
735,2021-10-06T13:05:51Z,Insert,1.0,140.00,Sell,EEX
736,2021-10-06T13:06:11.819Z,Update,5.0,140.00,Sell,Tradition
737,2021-10-06T13:06:12.41Z,Update,1.0,140.30,Sell,Arraco Global Markets
738,2021-10-06T13:06:24.579Z,Update,1.0,140.00,Buy,Marex Spectron
739,2021-10-06T13:07:27Z,Insert,1.0,139.75,Sell,EEX
740,2021-10-06T13:09:00Z,Update,2.0,140.00,Sell,Tullett Prebon
741,2021-10-06T13:09:00Z,Insert,2.0,140.00,Sell,Tullett Prebon
742,2021-10-06T13:09:00Z,Update,2.0,140.00,Buy,Tullett Prebon
743,2021-10-06T13:09:26.476Z,Update,1.0,140.00,Sell,Tullett Prebon
744,2021-10-06T13:09:30Z,Insert,1.0,140.00,Sell,EEX
745,2021-10-06T13:09:31.271Z,Update,1.0,140.00,Sell,Tradition
746,2021-10-06T13:09:33.151Z,Update,1.0,140.00,Sell,Tullett Prebon
747,2021-10-06T13:09:38.849Z,Update,1.0,139.95,Sell,Tradition
748,2021-10-06T13:09:41Z,Insert,2.0,139.75,Sell,EEX
749,2021-10-06T13:09:54Z,Insert,1.0,139.75,Sell,EEX
750,2021-10-06T13:10:01Z,Insert,1.0,139.75,Sell,EEX
751,2021-10-06T13:10:09Z,Insert,3.0,139.50,Sell,EEX
752,2021-10-06T13:11:57Z,Insert,2.0,139.25,Sell,EEX
753,2021-10-06T13:11:59Z,Insert,1.0,139.00,Sell,EEX
754,2021-10-06T13:12:04Z,Insert,1.0,139.00,Sell,EEX
755,2021-10-06T13:12:34Z,Insert,1.0,139.00,Sell,EEX
756,2021-10-06T13:12:58Z,Insert,1.0,138.50,Sell,EEX
757,2021-10-06T13:13:26Z,Insert,1.0,138.50,Sell,EEX
758,2021-10-06T13:13:28.332Z,Update,1.0,138.50,Sell,Tradition
759,2021-10-06T13:13:42.488Z,Update,1.0,137.00,Sell,Arraco Global Markets
760,2021-10-06T13:14:00.582Z,Update,2.0,137.00,Sell,Tradition
761,2021-10-06T13:14:02.636Z,Update,1.0,138.00,Sell,Marex Spectron
762,2021-10-06T13:14:04Z,Insert,1.0,138.00,Sell,EEX
763,2021-10-06T13:14:06.795Z,Update,1.0,138.00,Sell,Marex Spectron
764,2021-10-06T13:14:07.78Z,Update,1.0,138.00,Sell,Marex Spectron
765,2021-10-06T13:14:10.472Z,Update,1.0,138.00,Sell,Marex Spectron
766,2021-10-06T13:14:10.739Z,Update,1.0,138.00,Sell,Marex Spectron
767,2021-10-06T13:14:18.618Z,Insert,2.0,137.50,Sell,Marex Spectron
768,2021-10-06T13:14:23Z,Insert,1.0,136.90,Sell,EEX
769,2021-10-06T13:16:02Z,Insert,2.0,137.01,Sell,EEX
770,2021-10-06T13:16:22.24Z,Update,2.0,137.00,Sell,GFI
771,2021-10-06T13:16:24Z,Insert,1.0,137.00,Sell,EEX
772,2021-10-06T13:16:58Z,Insert,1.0,136.75,Sell,EEX
773,2021-10-06T13:17:03Z,Insert,1.0,136.69,Sell,EEX
774,2021-10-06T13:17:45Z,Insert,1.0,136.80,Sell,EEX
775,2021-10-06T13:17:56Z,Insert,1.0,136.75,Sell,EEX
776,2021-10-06T13:18:57Z,Insert,1.0,136.80,Sell,EEX
777,2021-10-06T13:19:39Z,Insert,1.0,137.00,Sell,EEX
778,2021-10-06T13:20:15Z,Insert,1.0,137.00,Sell,EEX
779,2021-10-06T13:21:12Z,Insert,1.0,137.00,Sell,EEX
780,2021-10-06T13:21:17Z,Insert,1.0,137.00,Sell,EEX
781,2021-10-06T13:21:24Z,Insert,5.0,137.00,Sell,EEX
782,2021-10-06T13:21:31.714Z,Insert,1.0,137.10,Sell,GFI
783,2021-10-06T13:21:33Z,Insert,1.0,137.00,Sell,EEX
784,2021-10-06T13:21:47Z,Insert,1.0,136.80,Sell,EEX
785,2021-10-06T13:21:56.743Z,Update,1.0,137.00,Sell,Marex Spectron
786,2021-10-06T13:21:58.657Z,Update,1.0,137.00,Sell,Tullett Prebon
787,2021-10-06T13:22:02.373Z,Insert,1.0,137.00,Buy,Griffin Markets Europe SAS
788,2021-10-06T13:22:02.373Z,Insert,1.0,137.00,Buy,Griffin Markets Europe SAS
789,2021-10-06T13:22:11.397Z,Update,1.0,137.00,Sell,Griffin Markets Europe SAS
790,2021-10-06T13:22:14.98Z,Update,1.0,137.00,Sell,Marex Spectron
791,2021-10-06T13:22:17.812Z,Update,1.0,137.00,Sell,Griffin Markets Europe SAS
792,2021-10-06T13:23:00Z,Update,15.0,137.00,Sell,Tullett Prebon
793,2021-10-06T13:23:00Z,Update,15.0,137.00,Sell,Tullett Prebon
794,2021-10-06T13:23:25.779Z,Update,1.0,137.00,Buy,ICAP
795,2021-10-06T13:23:56.939Z,Update,1.0,137.10,Sell,Tullett Prebon
796,2021-10-06T13:24:19Z,Insert,1.0,137.00,Sell,EEX
797,2021-10-06T13:24:20.055Z,Update,1.0,137.00,Buy,ICAP
798,2021-10-06T13:24:38Z,Insert,5.0,137.25,Sell,EEX
799,2021-10-06T13:24:42.622Z,Update,1.0,137.25,Buy,ICAP
800,2021-10-06T13:25:02.942Z,Update,1.0,137.25,Buy,ICAP
801,2021-10-06T13:25:07Z,Insert,2.0,137.01,Sell,EEX
802,2021-10-06T13:26:22Z,Insert,1.0,137.25,Sell,EEX
803,2021-10-06T13:26:25Z,Insert,1.0,137.25,Sell,EEX
804,2021-10-06T13:26:28Z,Insert,1.0,137.25,Sell,EEX
805,2021-10-06T13:26:32Z,Insert,1.0,137.25,Sell,EEX
806,2021-10-06T13:26:34Z,Insert,1.0,137.25,Sell,EEX
807,2021-10-06T13:27:00Z,Update,10.0,137.25,Sell,Marex Spectron
808,2021-10-06T13:27:00Z,Insert,10.0,137.25,Sell,Marex Spectron
809,2021-10-06T13:27:00Z,Insert,10.0,137.25,Sell,Marex Spectron
810,2021-10-06T13:27:03Z,Insert,1.0,137.25,Sell,EEX
811,2021-10-06T13:27:07Z,Insert,1.0,137.25,Sell,EEX
812,2021-10-06T13:27:13Z,Insert,1.0,137.25,Sell,EEX
813,2021-10-06T13:29:50Z,Insert,1.0,137.25,Sell,EEX
814,2021-10-06T13:30:52Z,Insert,1.0,137.25,Sell,EEX
815,2021-10-06T13:31:00Z,Insert,1.0,137.25,Sell,EEX
816,2021-10-06T13:32:00Z,Update,10.0,137.25,Sell,Marex Spectron
817,2021-10-06T13:32:11Z,Insert,1.0,137.25,Sell,EEX
818,2021-10-06T13:32:28Z,Insert,1.0,137.01,Sell,EEX
819,2021-10-06T13:32:31Z,Insert,2.0,137.01,Sell,EEX
820,2021-10-06T13:32:36.962Z,Update,1.0,137.00,Sell,Marex Spectron
821,2021-10-06T13:32:49.485Z,Update,1.0,137.00,Sell,ICAP
822,2021-10-06T13:32:52Z,Insert,1.0,137.00,Sell,EEX
823,2021-10-06T13:32:55.255Z,Update,1.0,137.00,Sell,ICAP
824,2021-10-06T13:32:56.865Z,Update,1.0,137.00,Sell,ICAP
825,2021-10-06T13:32:58.929Z,Update,1.0,137.00,Sell,ICAP
826,2021-10-06T13:34:40Z,Insert,1.0,136.50,Sell,EEX
827,2021-10-06T13:35:37Z,Insert,1.0,135.00,Sell,EEX
828,2021-10-06T13:35:46.089Z,Update,1.0,136.00,Sell,GFI
829,2021-10-06T13:35:48Z,Insert,1.0,135.00,Sell,EEX
830,2021-10-06T13:35:51Z,Insert,1.0,135.00,Sell,EEX
831,2021-10-06T13:36:05Z,Insert,1.0,135.00,Sell,EEX
832,2021-10-06T13:36:48Z,Insert,6.0,135.00,Sell,EEX
833,2021-10-06T13:38:01Z,Insert,1.0,136.00,Sell,EEX
834,2021-10-06T13:38:06Z,Insert,1.0,136.10,Sell,EEX
835,2021-10-06T13:38:08Z,Insert,1.0,136.20,Sell,EEX
836,2021-10-06T13:38:14Z,Insert,1.0,136.30,Sell,EEX
837,2021-10-06T13:38:20Z,Insert,1.0,136.40,Sell,EEX
838,2021-10-06T13:39:00Z,Insert,1.0,135.50,Sell,EEX
839,2021-10-06T13:39:27Z,Insert,3.0,135.00,Sell,EEX
840,2021-10-06T13:40:42Z,Insert,2.0,135.00,Sell,EEX
841,2021-10-06T13:40:48.933Z,Insert,7.0,135.00,Sell,ICAP
842,2021-10-06T13:43:23Z,Insert,1.0,134.08,Sell,EEX
843,2021-10-06T13:43:23Z,Insert,1.0,134.00,Sell,EEX
844,2021-10-06T13:43:35Z,Insert,1.0,133.33,Sell,EEX
845,2021-10-06T13:43:44Z,Insert,1.0,133.10,Sell,EEX
846,2021-10-06T13:43:45Z,Insert,1.0,133.00,Sell,EEX
847,2021-10-06T13:43:51Z,Insert,1.0,133.00,Sell,EEX
848,2021-10-06T13:43:54Z,Insert,5.0,132.00,Sell,EEX
849,2021-10-06T13:44:45Z,Insert,1.0,134.00,Sell,EEX
850,2021-10-06T13:45:32Z,Insert,1.0,134.00,Sell,EEX
851,2021-10-06T13:45:34Z,Insert,1.0,134.00,Sell,EEX
852,2021-10-06T13:45:37Z,Insert,1.0,134.00,Sell,EEX
853,2021-10-06T13:45:40Z,Insert,1.0,134.00,Sell,EEX
854,2021-10-06T13:47:28Z,Insert,1.0,135.00,Sell,EEX
855,2021-10-06T13:47:44.016Z,Update,1.0,135.00,Buy,GFI
856,2021-10-06T13:48:23Z,Insert,1.0,134.68,Sell,EEX
857,2021-10-06T13:48:40Z,Insert,1.0,135.00,Sell,EEX
858,2021-10-06T13:48:46Z,Insert,4.0,135.00,Sell,EEX
859,2021-10-06T13:48:48.382Z,Update,5.0,135.00,Buy,GFI
860,2021-10-06T13:51:23.709Z,Update,1.0,136.00,Sell,Tradition
861,2021-10-06T13:51:38Z,Update,5.0,136.00,Sell,Tradition
862,2021-10-06T13:51:38Z,Update,5.0,136.00,Sell,Tradition
863,2021-10-06T13:51:39.393Z,Update,1.0,136.00,Sell,ICAP
864,2021-10-06T13:53:02.742Z,Update,1.0,135.50,Sell,Tullett Prebon
865,2021-10-06T13:53:28.333Z,Insert,1.0,136.00,Buy,Tradition
866,2021-10-06T13:55:00Z,Insert,3.0,140.00,Buy,GFI
867,2021-10-06T13:55:00Z,Insert,3.0,140.00,Buy,GFI
868,2021-10-06T13:56:50Z,Insert,3.0,137.75,Sell,EEX
869,2021-10-06T13:57:03Z,Insert,1.0,137.75,Sell,EEX
870,2021-10-06T13:58:47Z,Insert,1.0,138.50,Sell,EEX
871,2021-10-06T13:59:48Z,Update,2.0,138.50,Sell,ICAP
872,2021-10-06T14:00:49Z,Insert,1.0,139.90,Sell,EEX
873,2021-10-06T14:00:52.857Z,Insert,1.0,139.00,Sell,Griffin Markets Europe SAS
874,2021-10-06T14:00:52.857Z,Insert,1.0,139.00,Sell,Griffin Markets Europe SAS
875,2021-10-06T14:00:52.857Z,Update,1.0,139.010,Sell,Griffin Markets Europe SAS
876,2021-10-06T14:00:54.043Z,Insert,1.0,139.00,Sell,Griffin Markets Europe SAS
877,2021-10-06T14:00:54.043Z,Insert,1.0,139.00,Sell,Griffin Markets Europe SAS
878,2021-10-06T14:01:25Z,Insert,1.0,139.39,Sell,EEX
879,2021-10-06T14:01:28Z,Insert,1.0,139.45,Sell,EEX
880,2021-10-06T14:01:28Z,Insert,1.0,139.45,Sell,EEX
881,2021-10-06T14:01:50Z,Insert,1.0,139.50,Sell,EEX
882,2021-10-06T14:02:45.169Z,Update,5.0,139.10,Buy,Arraco Global Markets
883,2021-10-06T14:03:03Z,Insert,1.0,139.10,Sell,EEX
884,2021-10-06T14:03:48.162Z,Update,1.0,139.50,Sell,Tullett Prebon
885,2021-10-06T14:04:40Z,Insert,2.0,140.00,Sell,EEX
886,2021-10-06T14:05:40Z,Update,5.0,139.50,Sell,Tradition
887,2021-10-06T14:05:54.726Z,Update,3.0,140.00,Sell,GFI
888,2021-10-06T14:06:01Z,Update,5.0,139.50,Sell,Tradition
889,2021-10-06T14:09:39Z,Insert,1.0,140.00,Sell,EEX
890,2021-10-06T14:11:18.061Z,Update,1.0,140.00,Sell,Tradition
891,2021-10-06T14:11:18Z,Update,1.0,140.00,Sell,Tradition
892,2021-10-06T14:17:07Z,Insert,1.0,140.00,Sell,EEX
893,2021-10-06T14:18:23.679Z,Insert,4.0,139.50,Buy,GFI
894,2021-10-06T14:18:26.893Z,Update,2.0,139.50,Sell,ICAP
895,2021-10-06T14:18:48.367Z,Update,1.0,139.50,Sell,Tullett Prebon
896,2021-10-06T14:18:50.889Z,Update,1.0,139.50,Sell,Tullett Prebon
897,2021-10-06T14:19:52Z,Insert,1.0,140.00,Sell,EEX
898,2021-10-06T14:20:00Z,Insert,4.0,139.50,Buy,GFI
899,2021-10-06T14:21:00Z,Update,4.0,139.50,Sell,GFI
900,2021-10-06T14:23:04.076Z,Update,1.0,140.00,Sell,GFI
901,2021-10-06T14:25:00Z,Insert,10.0,140.00,Sell,GFI
902,2021-10-06T14:25:00Z,Insert,10.0,140.00,Sell,GFI
903,2021-10-06T14:27:00Z,Update,10.0,140.00,Sell,GFI
904,2021-10-06T14:30:00Z,Insert,4.0,142.00,Sell,GFI
905,2021-10-06T14:30:00Z,Insert,4.0,142.00,Sell,GFI
906,2021-10-06T14:30:37Z,Insert,2.0,141.50,Sell,EEX
907,2021-10-06T14:36:40.551Z,Update,1.0,142.500,Buy,Griffin Markets Europe SAS
908,2021-10-06T14:37:01.942Z,Update,1.0,142.50,Sell,Tradition
909,2021-10-06T14:42:10.727Z,Update,1.0,142.00,Sell,GFI
910,2021-10-06T14:44:59.089Z,Insert,1.0,142.75,Buy,GFI
911,2021-10-06T14:47:25.261Z,Update,1.0,143.50,Buy,GFI
912,2021-10-06T14:47:28.053Z,Update,1.0,143.50,Buy,GFI
913,2021-10-06T14:48:05.623Z,Update,1.0,144.00,Sell,GFI
914,2021-10-06T14:50:31Z,Insert,2.0,144.00,Sell,EEX
915,2021-10-06T14:50:35.653Z,Insert,2.0,144.00,Buy,Griffin Markets Europe SAS
916,2021-10-06T14:50:35.653Z,Insert,2.0,144.00,Buy,Griffin Markets Europe SAS
917,2021-10-06T14:51:20.415Z,Update,1.0,144.25,Buy,ICAP
918,2021-10-06T14:52:30Z,Insert,1.0,145.00,Sell,EEX
919,2021-10-06T14:52:50.415Z,Update,2.0,145.00,Buy,Tullett Prebon
920,2021-10-06T14:52:54Z,Insert,1.0,145.00,Sell,EEX
921,2021-10-06T14:55:30Z,Insert,4.0,145.00,Sell,EEX
922,2021-10-06T14:55:43Z,Insert,1.0,145.00,Sell,EEX
923,2021-10-06T14:56:13Z,Insert,2.0,145.00,Sell,EEX
924,2021-10-06T14:56:31Z,Insert,2.0,145.00,Sell,EEX
925,2021-10-06T14:56:52.446Z,Update,1.0,145.00,Sell,Tullett Prebon
926,2021-10-06T14:56:59Z,Insert,1.0,145.00,Sell,EEX
927,2021-10-06T14:57:03Z,Insert,1.0,145.00,Sell,EEX
928,2021-10-06T14:57:17Z,Insert,1.0,145.00,Sell,EEX
929,2021-10-06T14:58:52.729Z,Update,6.0,144.00,Sell,GFI
930,2021-10-06T14:59:29.754Z,Update,1.0,142.00,Sell,Tullett Prebon
931,2021-10-06T15:01:27.928Z,Update,1.0,142.00,Buy,Marex Spectron
932,2021-10-06T15:01:28.027Z,Update,1.0,142.00,Sell,Tradition
933,2021-10-06T15:05:24Z,Insert,1.0,141.00,Sell,EEX
934,2021-10-06T15:05:48.403Z,Update,1.0,140.75,Sell,ICAP
935,2021-10-06T15:05:56.567Z,Update,5.0,140.50,Sell,GFI
936,2021-10-06T15:06:01Z,Insert,1.0,140.00,Sell,EEX
937,2021-10-06T15:06:48Z,Insert,1.0,140.00,Sell,EEX
938,2021-10-06T15:07:20Z,Insert,2.0,139.75,Sell,EEX
939,2021-10-06T15:13:04.189Z,Insert,5.0,141.00,Sell,Tullett Prebon
940,2021-10-06T15:13:04.189Z,Insert,5.0,141.00,Buy,Tullett Prebon
941,2021-10-06T15:15:05Z,Insert,1.0,141.50,Sell,EEX
942,2021-10-06T15:15:07.553Z,Update,1.0,141.50,Buy,Tradition
943,2021-10-06T15:15:07Z,Insert,1.0,141.50,Buy,Tradition
944,2021-10-06T15:15:44Z,Insert,4.0,141.50,Sell,EEX
945,2021-10-06T15:15:48Z,Insert,1.0,141.50,Sell,EEX
946,2021-10-06T15:15:51.6Z,Update,1.0,141.50,Sell,Tradition
947,2021-10-06T15:15:59Z,Insert,1.0,141.50,Sell,EEX
948,2021-10-06T15:17:44.845Z,Update,1.0,141.55,Sell,GFI
949,2021-10-06T15:19:31.978Z,Update,1.0,142.00,Buy,GFI
950,2021-10-06T15:23:02Z,Insert,1.0,142.00,Sell,EEX
951,2021-10-06T15:23:26Z,Insert,1.0,142.00,Sell,EEX
952,2021-10-06T15:26:25.909Z,Update,1.0,142.00,Sell,Tradition
953,2021-10-06T15:26:34Z,Insert,1.0,141.50,Sell,EEX
954,2021-10-06T15:26:39Z,Insert,1.0,141.50,Sell,EEX
955,2021-10-06T15:31:19.253Z,Update,3.0,141.50,Buy,ICAP
956,2021-10-06T15:35:00Z,Insert,20.0,140.25,Sell,Tullett Prebon
957,2021-10-06T15:35:00Z,Insert,20.0,140.25,Sell,Tullett Prebon
958,2021-10-06T15:35:00Z,Update,20.0,140.25,Sell,Tullett Prebon
959,2021-10-06T15:35:25Z,Insert,1.0,140.00,Sell,EEX
960,2021-10-06T15:36:34Z,Insert,1.0,140.00,Sell,EEX
961,2021-10-06T15:38:14.574Z,Update,1.0,140.75,Buy,Marex Spectron
962,2021-10-06T15:39:05Z,Insert,1.0,140.00,Sell,EEX
963,2021-10-06T15:39:11.576Z,Update,2.0,140.00,Sell,Tradition
964,2021-10-06T15:39:21.623Z,Update,3.0,140.00,Sell,Tradition
965,2021-10-06T15:39:22.769Z,Update,1.0,140.00,Buy,GFI
966,2021-10-06T15:39:25Z,Insert,1.0,140.00,Sell,EEX
967,2021-10-06T15:39:25Z,Insert,1.0,140.00,Sell,EEX
968,2021-10-06T15:39:47.565Z,Insert,1.0,140.00,Sell,ICAP
969,2021-10-06T15:45:04.09Z,Insert,4.0,140.00,Buy,Tullett Prebon
970,2021-10-06T15:45:04.09Z,Insert,4.0,140.00,Sell,Tullett Prebon
971,2021-10-06T15:50:20Z,Insert,1.0,140.00,Sell,EEX
972,2021-10-06T15:50:48Z,Insert,1.0,140.00,Sell,EEX
973,2021-10-06T15:50:51Z,Insert,1.0,140.00,Sell,EEX
974,2021-10-06T15:50:52Z,Insert,1.0,140.00,Sell,EEX
975,2021-10-06T15:50:52Z,Insert,1.0,140.00,Sell,EEX
976,2021-10-06T15:50:52Z,Insert,1.0,140.00,Sell,EEX
977,2021-10-06T15:52:25Z,Insert,1.0,140.00,Sell,EEX
978,2021-10-06T15:54:00Z,Insert,1.0,140.00,Sell,EEX
979,2021-10-06T15:59:17Z,Insert,2.0,140.50,Sell,EEX
980,2021-10-06T15:59:33Z,Insert,1.0,140.50,Sell,EEX
981,2021-10-06T15:59:38Z,Insert,1.0,140.50,Sell,EEX
982,2021-10-06T15:59:40Z,Insert,1.0,140.50,Sell,EEX
