,DateTime,Action,Volume,Price,AggressorAction,AggressorBroker
0,2021-10-21T06:29:07Z,Insert,1.0,127.00,Sell,EEX
1,2021-10-21T06:29:12.97Z,Update,1.0,126.50,Buy,Tradition
2,2021-10-21T06:58:04.274Z,Update,1.0,125.50,Sell,Griffin Markets Europe SAS
3,2021-10-21T06:59:36Z,Insert,1.0,125.50,Sell,EEX
4,2021-10-21T07:01:08.145Z,Update,1.0,125.50,Sell,CIMD
5,2021-10-21T07:01:43Z,Insert,1.0,125.25,Sell,EEX
6,2021-10-21T07:06:40Z,Insert,1.0,126.00,Sell,EEX
7,2021-10-21T07:11:52.294Z,Update,1.0,126.00,Sell,Tullett Prebon
8,2021-10-21T07:13:43.148Z,Update,1.0,125.50,Sell,Marex Spectron
9,2021-10-21T07:13:54.678Z,Update,1.0,125.50,Sell,Tullett Prebon
10,2021-10-21T07:15:13Z,Insert,1.0,125.25,Sell,EEX
11,2021-10-21T07:15:15.797Z,Update,1.0,125.10,Sell,Tradition
12,2021-10-21T07:15:33Z,Insert,1.0,124.50,Sell,EEX
13,2021-10-21T07:15:59Z,Insert,1.0,124.50,Sell,EEX
14,2021-10-21T07:16:14.333Z,Update,1.0,124.00,Sell,Marex Spectron
15,2021-10-21T07:17:12Z,Insert,1.0,124.00,Sell,EEX
16,2021-10-21T07:38:16Z,Insert,1.0,124.50,Sell,EEX
17,2021-10-21T07:43:32Z,Insert,1.0,124.00,Sell,EEX
18,2021-10-21T07:44:18.208Z,Update,1.0,123.55,Sell,Tradition
19,2021-10-21T07:44:33.835Z,Update,1.0,123.50,Sell,CIMD
20,2021-10-21T07:46:31.1Z,Update,1.0,123.25,Sell,GFI
21,2021-10-21T07:47:05Z,Insert,1.0,123.25,Sell,EEX
22,2021-10-21T07:47:09Z,Insert,1.0,123.25,Sell,EEX
23,2021-10-21T07:48:00Z,Update,4.0,123.00,Sell,Marex Spectron
24,2021-10-21T07:48:50.44Z,Update,1.0,123.00,Sell,Marex Spectron
25,2021-10-21T07:48:53Z,Insert,1.0,123.00,Sell,EEX
26,2021-10-21T07:51:15Z,Insert,1.0,123.25,Sell,EEX
27,2021-10-21T07:51:17Z,Insert,1.0,123.25,Sell,EEX
28,2021-10-21T07:51:18Z,Insert,1.0,123.25,Sell,EEX
29,2021-10-21T07:51:22Z,Insert,1.0,123.25,Sell,EEX
30,2021-10-21T07:51:24Z,Insert,1.0,123.25,Sell,EEX
31,2021-10-21T07:51:24Z,Insert,1.0,123.25,Sell,EEX
32,2021-10-21T07:51:24Z,Insert,1.0,123.25,Sell,EEX
33,2021-10-21T07:51:44Z,Insert,1.0,123.25,Sell,EEX
34,2021-10-21T08:02:56Z,Insert,1.0,123.25,Sell,EEX
35,2021-10-21T08:03:29Z,Insert,3.0,123.25,Sell,EEX
36,2021-10-21T08:03:32Z,Insert,3.0,123.25,Sell,EEX
37,2021-10-21T08:17:32.962Z,Update,1.0,122.75,Sell,Tradition
38,2021-10-21T08:17:38Z,Insert,1.0,122.60,Sell,EEX
39,2021-10-21T08:17:49Z,Insert,1.0,122.50,Sell,EEX
40,2021-10-21T08:18:21Z,Insert,1.0,122.50,Sell,EEX
41,2021-10-21T08:20:26Z,Insert,1.0,122.50,Sell,EEX
42,2021-10-21T08:22:47Z,Insert,1.0,122.60,Sell,EEX
43,2021-10-21T08:23:00Z,Insert,1.0,122.85,Sell,EEX
44,2021-10-21T08:24:00Z,Update,2.0,122.95,Sell,Marex Spectron
45,2021-10-21T08:24:59Z,Insert,1.0,123.00,Sell,EEX
46,2021-10-21T08:25:00Z,Update,2.0,122.95,Sell,Marex Spectron
47,2021-10-21T08:28:19Z,Insert,1.0,123.15,Sell,EEX
48,2021-10-21T08:28:21Z,Insert,1.0,123.15,Sell,EEX
49,2021-10-21T08:28:24Z,Insert,1.0,123.15,Sell,EEX
50,2021-10-21T08:28:29.38Z,Update,1.0,123.20,Sell,Tradition
51,2021-10-21T08:30:01Z,Insert,1.0,123.15,Sell,EEX
52,2021-10-21T08:31:25Z,Insert,1.0,123.00,Sell,EEX
53,2021-10-21T08:31:28.812Z,Update,1.0,123.00,Buy,Marex Spectron
54,2021-10-21T08:31:29Z,Insert,1.0,122.75,Sell,EEX
55,2021-10-21T08:31:32.044Z,Update,1.0,123.00,Sell,ICAP
56,2021-10-21T08:43:18.402Z,Update,1.0,123.00,Sell,Marex Spectron
57,2021-10-21T08:43:18Z,Insert,4.0,123.00,Buy,EEX
58,2021-10-21T08:45:44.647Z,Update,1.0,123.00,Sell,Marex Spectron
59,2021-10-21T08:46:38.353Z,Update,1.0,123.00,Sell,Marex Spectron
60,2021-10-21T08:48:04.348Z,Update,1.0,122.90,Sell,ICAP
61,2021-10-21T08:48:06.931Z,Update,1.0,122.85,Buy,Marex Spectron
62,2021-10-21T08:48:24.987Z,Insert,1.0,122.80,Sell,GFI
63,2021-10-21T08:48:24.987Z,Insert,1.0,122.80,Sell,GFI
64,2021-10-21T08:48:41Z,Insert,1.0,122.50,Sell,EEX
65,2021-10-21T08:48:44Z,Insert,1.0,122.75,Sell,EEX
66,2021-10-21T08:50:12.56Z,Update,1.0,122.75,Sell,GFI
67,2021-10-21T08:50:13Z,Insert,1.0,122.75,Sell,EEX
68,2021-10-21T08:52:22Z,Insert,2.0,122.50,Sell,EEX
69,2021-10-21T08:52:28Z,Insert,1.0,122.50,Sell,EEX
70,2021-10-21T08:52:40.394Z,Update,1.0,122.50,Sell,GFI
71,2021-10-21T08:52:54.611Z,Update,1.0,122.50,Sell,GFI
72,2021-10-21T09:02:35.145Z,Update,1.0,122.65,Buy,Arraco Global Markets
73,2021-10-21T09:03:34.142Z,Update,2.0,122.60,Sell,Tullett Prebon
74,2021-10-21T09:04:25.15Z,Update,1.0,122.500,Sell,Griffin Markets Europe SAS
75,2021-10-21T09:06:31.645Z,Update,1.0,122.70,Sell,ICAP
76,2021-10-21T09:06:31.676Z,Update,1.0,122.70,Sell,ICAP
77,2021-10-21T09:07:01.046Z,Update,1.0,122.75,Buy,Marex Spectron
78,2021-10-21T09:07:51Z,Insert,1.0,122.75,Sell,EEX
79,2021-10-21T09:08:43.419Z,Update,1.0,122.75,Buy,Arraco Global Markets
80,2021-10-21T09:10:56.257Z,Update,1.0,122.75,Buy,Arraco Global Markets
81,2021-10-21T09:11:00Z,Update,1.0,122.90,Sell,Marex Spectron
82,2021-10-21T09:16:11.467Z,Update,1.0,122.75,Sell,Marex Spectron
83,2021-10-21T09:16:13Z,Insert,1.0,122.75,Sell,EEX
84,2021-10-21T09:17:28.272Z,Update,1.0,122.60,Sell,Tradition
85,2021-10-21T09:17:28Z,Insert,1.0,122.60,Sell,Tullett Prebon
86,2021-10-21T09:17:28Z,Insert,1.0,122.60,Sell,EEX
87,2021-10-21T09:17:28Z,Insert,1.0,122.60,Sell,Tullett Prebon
88,2021-10-21T09:22:23.291Z,Update,1.0,122.80,Sell,Marex Spectron
89,2021-10-21T09:23:26Z,Insert,1.0,123.00,Sell,EEX
90,2021-10-21T09:24:18Z,Insert,4.0,123.00,Sell,EEX
91,2021-10-21T09:25:18Z,Insert,1.0,123.15,Sell,EEX
92,2021-10-21T09:30:32Z,Insert,1.0,123.25,Sell,EEX
93,2021-10-21T09:31:33Z,Insert,2.0,123.25,Sell,EEX
94,2021-10-21T09:33:38.709Z,Update,1.0,123.25,Sell,Marex Spectron
95,2021-10-21T09:33:38.752Z,Update,1.0,123.25,Sell,GFI
96,2021-10-21T09:39:02Z,Insert,2.0,123.00,Sell,EEX
97,2021-10-21T09:39:16.028Z,Update,1.0,123.10,Sell,Tullett Prebon
98,2021-10-21T09:40:46.225Z,Update,3.0,123.10,Sell,Tullett Prebon
99,2021-10-21T09:42:09Z,Insert,1.0,123.00,Sell,EEX
100,2021-10-21T09:43:10.872Z,Update,1.0,123.00,Sell,Tradition
101,2021-10-21T09:43:16.576Z,Update,1.0,123.00,Sell,Tradition
102,2021-10-21T09:50:04.641Z,Update,1.0,123.00,Sell,Tullett Prebon
103,2021-10-21T09:50:08.839Z,Update,1.0,123.00,Sell,Tradition
104,2021-10-21T09:51:57Z,Insert,1.0,122.70,Sell,EEX
105,2021-10-21T09:53:29Z,Insert,1.0,122.75,Sell,EEX
106,2021-10-21T10:04:21Z,Insert,1.0,122.75,Sell,EEX
107,2021-10-21T10:10:30.538Z,Update,1.0,122.70,Sell,Griffin Markets Europe SAS
108,2021-10-21T10:13:45.386Z,Update,1.0,122.700,Sell,Griffin Markets Europe SAS
109,2021-10-21T10:15:47.327Z,Update,1.0,122.50,Sell,Marex Spectron
110,2021-10-21T10:17:00Z,Update,1.0,122.65,Sell,Marex Spectron
111,2021-10-21T10:17:03.448Z,Update,1.0,122.65,Sell,Marex Spectron
112,2021-10-21T10:17:29.201Z,Update,1.0,122.700,Sell,Griffin Markets Europe SAS
113,2021-10-21T10:18:51Z,Insert,1.0,122.75,Sell,EEX
114,2021-10-21T10:26:20Z,Insert,1.0,122.75,Sell,EEX
115,2021-10-21T10:35:00Z,Insert,6.0,122.75,Sell,GFI
116,2021-10-21T10:35:00Z,Insert,6.0,122.75,Sell,GFI
117,2021-10-21T10:54:29.355Z,Update,2.0,122.75,Sell,GFI
118,2021-10-21T10:54:30.361Z,Update,1.0,122.75,Sell,GFI
119,2021-10-21T10:54:31Z,Insert,1.0,122.75,Sell,EEX
120,2021-10-21T10:55:00Z,Update,1.0,122.75,Sell,GFI
121,2021-10-21T10:56:12Z,Insert,1.0,122.60,Sell,EEX
122,2021-10-21T11:03:02.823Z,Insert,3.0,122.50,Sell,GFI
123,2021-10-21T11:03:02.823Z,Insert,3.0,122.50,Sell,GFI
124,2021-10-21T11:03:11.273Z,Update,1.0,122.50,Sell,Marex Spectron
125,2021-10-21T11:06:28.23Z,Update,1.0,122.50,Sell,Marex Spectron
126,2021-10-21T11:06:28Z,Insert,1.0,122.50,Buy,EEX
127,2021-10-21T11:06:53Z,Insert,1.0,122.60,Sell,EEX
128,2021-10-21T11:06:53Z,Insert,1.0,122.60,Sell,EEX
129,2021-10-21T11:06:53Z,Insert,1.0,122.60,Sell,EEX
130,2021-10-21T11:11:58.266Z,Update,1.0,122.50,Sell,Marex Spectron
131,2021-10-21T11:12:01Z,Insert,1.0,122.50,Sell,EEX
132,2021-10-21T11:14:45.675Z,Update,1.0,122.50,Sell,Marex Spectron
133,2021-10-21T11:15:00Z,Update,1.0,122.55,Sell,Marex Spectron
134,2021-10-21T11:15:00Z,Update,1.0,122.60,Sell,Marex Spectron
135,2021-10-21T11:17:05.499Z,Update,1.0,122.50,Sell,Marex Spectron
136,2021-10-21T11:21:48Z,Insert,1.0,122.00,Sell,EEX
137,2021-10-21T11:22:14Z,Insert,1.0,122.00,Sell,EEX
138,2021-10-21T11:22:36.101Z,Update,1.0,121.90,Sell,ICAP
139,2021-10-21T11:22:36Z,Insert,1.0,122.00,Sell,EEX
140,2021-10-21T11:22:36Z,Insert,1.0,122.00,Sell,EEX
141,2021-10-21T11:22:38.482Z,Update,1.0,122.00,Sell,Arraco Global Markets
142,2021-10-21T11:28:56Z,Insert,3.0,121.75,Sell,EEX
143,2021-10-21T11:29:07Z,Insert,3.0,121.75,Sell,EEX
144,2021-10-21T11:29:10Z,Insert,3.0,121.75,Sell,EEX
145,2021-10-21T11:29:13Z,Insert,2.0,121.75,Sell,EEX
146,2021-10-21T11:29:15Z,Insert,1.0,121.75,Sell,EEX
147,2021-10-21T11:29:20Z,Insert,1.0,121.75,Sell,EEX
148,2021-10-21T11:29:27Z,Insert,2.0,121.75,Sell,EEX
149,2021-10-21T11:30:17Z,Insert,1.0,121.55,Sell,EEX
150,2021-10-21T11:30:17Z,Insert,5.0,121.50,Sell,EEX
151,2021-10-21T11:30:49Z,Insert,1.0,121.30,Sell,EEX
152,2021-10-21T11:31:48Z,Insert,2.0,121.25,Sell,EEX
153,2021-10-21T11:32:05Z,Insert,2.0,121.00,Sell,EEX
154,2021-10-21T11:32:44Z,Update,5.0,121.50,Sell,ICAP
155,2021-10-21T11:34:12Z,Insert,1.0,121.00,Sell,EEX
156,2021-10-21T11:37:46Z,Insert,1.0,121.45,Sell,EEX
157,2021-10-21T11:38:55Z,Insert,1.0,121.50,Sell,EEX
158,2021-10-21T11:45:28Z,Insert,1.0,121.50,Sell,EEX
159,2021-10-21T11:47:00Z,Insert,1.0,121.10,Sell,EEX
160,2021-10-21T11:47:00Z,Insert,1.0,121.10,Sell,EEX
161,2021-10-21T11:47:04Z,Insert,2.0,121.00,Sell,EEX
162,2021-10-21T11:47:09Z,Insert,1.0,121.00,Sell,EEX
163,2021-10-21T11:48:00Z,Update,2.0,120.50,Sell,Marex Spectron
164,2021-10-21T11:48:00Z,Update,4.0,120.50,Sell,Marex Spectron
165,2021-10-21T11:48:15.143Z,Update,1.0,121.00,Sell,Arraco Global Markets
166,2021-10-21T11:48:38.725Z,Update,1.0,120.50,Sell,Marex Spectron
167,2021-10-21T11:57:05Z,Insert,1.0,120.55,Sell,EEX
168,2021-10-21T11:57:10Z,Insert,1.0,120.50,Sell,EEX
169,2021-10-21T11:59:43.965Z,Update,2.0,120.55,Sell,Tradition
170,2021-10-21T11:59:47.387Z,Update,1.0,120.50,Sell,Tradition
171,2021-10-21T12:00:37.027Z,Update,1.0,120.50,Sell,Tradition
172,2021-10-21T12:05:13Z,Insert,2.0,120.00,Sell,EEX
173,2021-10-21T12:05:16.758Z,Update,1.0,120.00,Sell,Tullett Prebon
174,2021-10-21T12:15:24.722Z,Update,2.0,120.35,Sell,Arraco Global Markets
175,2021-10-21T12:20:33Z,Insert,1.0,120.35,Sell,EEX
176,2021-10-21T12:22:02Z,Update,6.0,120.45,Sell,Marex Spectron
177,2021-10-21T12:28:02Z,Insert,1.0,120.45,Sell,EEX
178,2021-10-21T12:29:05Z,Insert,1.0,120.45,Sell,EEX
179,2021-10-21T12:31:38Z,Insert,1.0,120.60,Sell,EEX
180,2021-10-21T12:31:42Z,Insert,1.0,120.60,Sell,EEX
181,2021-10-21T12:31:45.969Z,Update,3.0,120.50,Buy,GFI
182,2021-10-21T12:33:20Z,Insert,1.0,120.75,Sell,EEX
183,2021-10-21T12:33:20Z,Insert,1.0,120.70,Sell,EEX
184,2021-10-21T12:33:20Z,Insert,1.0,120.60,Sell,EEX
185,2021-10-21T12:33:20Z,Insert,1.0,120.70,Sell,EEX
186,2021-10-21T12:33:24Z,Insert,1.0,120.35,Sell,EEX
187,2021-10-21T12:36:12Z,Insert,1.0,120.75,Sell,EEX
188,2021-10-21T12:37:32Z,Insert,1.0,120.50,Sell,EEX
189,2021-10-21T12:37:38Z,Insert,1.0,120.50,Sell,EEX
190,2021-10-21T12:39:15Z,Insert,3.0,120.75,Sell,EEX
191,2021-10-21T12:39:44.977Z,Update,1.0,120.50,Sell,GFI
192,2021-10-21T12:40:17.826Z,Update,1.0,120.50,Sell,GFI
193,2021-10-21T12:40:20Z,Insert,1.0,120.25,Sell,EEX
194,2021-10-21T12:40:20Z,Insert,1.0,120.25,Sell,EEX
195,2021-10-21T12:40:22.101Z,Update,3.0,120.35,Sell,GFI
196,2021-10-21T12:42:25Z,Insert,1.0,120.00,Sell,EEX
197,2021-10-21T12:50:23Z,Insert,2.0,119.50,Sell,EEX
198,2021-10-21T12:53:29.515Z,Update,1.0,119.00,Buy,Marex Spectron
199,2021-10-21T12:57:54.403Z,Update,2.0,119.15,Sell,Tradition
200,2021-10-21T13:00:05.765Z,Update,1.0,119.55,Buy,ICAP
201,2021-10-21T13:00:25.498Z,Update,1.0,119.60,Buy,Marex Spectron
202,2021-10-21T13:01:27.794Z,Update,1.0,119.60,Buy,Marex Spectron
203,2021-10-21T13:02:31.678Z,Update,1.0,119.55,Sell,GFI
204,2021-10-21T13:02:36Z,Insert,1.0,119.50,Sell,EEX
205,2021-10-21T13:02:46.509Z,Update,1.0,119.50,Buy,Marex Spectron
206,2021-10-21T13:02:48.175Z,Update,1.0,119.50,Buy,Marex Spectron
207,2021-10-21T13:02:49.97Z,Update,1.0,119.50,Buy,Marex Spectron
208,2021-10-21T13:03:03.404Z,Update,1.0,119.55,Sell,GFI
209,2021-10-21T13:03:04.686Z,Update,1.0,119.50,Buy,Marex Spectron
210,2021-10-21T13:03:05.691Z,Update,1.0,119.50,Buy,Marex Spectron
211,2021-10-21T13:03:08.198Z,Update,1.0,119.50,Buy,Marex Spectron
212,2021-10-21T13:03:08.424Z,Update,1.0,119.50,Buy,Marex Spectron
213,2021-10-21T13:03:09.165Z,Update,1.0,119.50,Buy,Marex Spectron
214,2021-10-21T13:03:10.746Z,Update,1.0,119.50,Buy,Marex Spectron
215,2021-10-21T13:03:11.719Z,Update,1.0,119.50,Buy,Marex Spectron
216,2021-10-21T13:03:15.499Z,Update,1.0,119.50,Buy,Marex Spectron
217,2021-10-21T13:03:15.633Z,Update,1.0,119.50,Buy,Marex Spectron
218,2021-10-21T13:03:16.219Z,Update,1.0,119.50,Buy,Marex Spectron
219,2021-10-21T13:04:54.891Z,Update,1.0,119.50,Buy,Marex Spectron
220,2021-10-21T13:04:55.312Z,Update,1.0,119.50,Buy,Marex Spectron
221,2021-10-21T13:04:56.132Z,Update,1.0,119.50,Buy,Marex Spectron
222,2021-10-21T13:04:57.839Z,Update,1.0,119.50,Buy,Marex Spectron
223,2021-10-21T13:05:00.302Z,Update,1.0,119.50,Buy,Marex Spectron
224,2021-10-21T13:06:09Z,Insert,2.0,119.20,Sell,EEX
225,2021-10-21T13:06:18.054Z,Update,5.0,119.50,Buy,Marex Spectron
226,2021-10-21T13:06:31.914Z,Insert,2.0,119.50,Buy,Marex Spectron
227,2021-10-21T13:07:45Z,Insert,1.0,119.95,Sell,EEX
228,2021-10-21T13:07:49Z,Insert,1.0,120.00,Sell,EEX
229,2021-10-21T13:07:57Z,Insert,1.0,120.00,Sell,EEX
230,2021-10-21T13:08:02Z,Insert,3.0,120.00,Sell,EEX
231,2021-10-21T13:08:04Z,Insert,1.0,120.00,Sell,EEX
232,2021-10-21T13:10:12.596Z,Update,1.0,119.75,Sell,Tullett Prebon
233,2021-10-21T13:15:59Z,Insert,1.0,120.25,Sell,EEX
234,2021-10-21T13:16:02.82Z,Update,1.0,120.25,Sell,ICAP
235,2021-10-21T13:22:55Z,Insert,1.0,120.35,Buy,ICAP
236,2021-10-21T13:23:11.166Z,Update,1.0,120.40,Buy,ICAP
237,2021-10-21T13:23:22.689Z,Update,1.0,120.450,Sell,Griffin Markets Europe SAS
238,2021-10-21T13:23:22Z,Insert,1.0,120.45,Buy,EEX
239,2021-10-21T13:23:32.279Z,Update,1.0,120.50,Buy,ICAP
240,2021-10-21T13:23:35Z,Insert,1.0,120.50,Sell,EEX
241,2021-10-21T13:23:45Z,Insert,2.0,120.45,Sell,EEX
242,2021-10-21T13:30:08Z,Insert,1.0,120.40,Sell,EEX
243,2021-10-21T13:30:10Z,Insert,1.0,120.40,Sell,EEX
244,2021-10-21T13:31:02Z,Insert,1.0,120.25,Sell,EEX
245,2021-10-21T13:32:41.265Z,Update,1.0,120.25,Sell,Tradition
246,2021-10-21T13:33:06.031Z,Update,1.0,120.25,Sell,Tradition
247,2021-10-21T13:36:18Z,Insert,1.0,120.25,Sell,EEX
248,2021-10-21T13:36:40Z,Insert,1.0,120.25,Sell,EEX
249,2021-10-21T13:43:14Z,Insert,1.0,120.25,Sell,EEX
250,2021-10-21T13:43:16.311Z,Update,1.0,120.25,Sell,ICAP
251,2021-10-21T13:44:27Z,Insert,1.0,120.35,Sell,EEX
252,2021-10-21T13:44:36Z,Insert,1.0,120.35,Sell,EEX
253,2021-10-21T13:44:41Z,Insert,1.0,120.25,Sell,EEX
254,2021-10-21T13:45:05Z,Insert,1.0,120.35,Sell,EEX
255,2021-10-21T13:45:10.573Z,Update,1.0,120.40,Sell,Tradition
256,2021-10-21T13:45:19.104Z,Update,1.0,120.40,Sell,Tradition
257,2021-10-21T13:47:11.526Z,Update,2.0,120.25,Sell,Tradition
258,2021-10-21T13:50:07Z,Insert,1.0,120.25,Sell,EEX
259,2021-10-21T13:56:38Z,Insert,1.0,120.25,Sell,EEX
260,2021-10-21T14:00:32Z,Insert,1.0,120.40,Sell,EEX
261,2021-10-21T14:03:37Z,Insert,2.0,120.25,Sell,EEX
262,2021-10-21T14:04:16Z,Insert,1.0,120.25,Sell,EEX
263,2021-10-21T14:04:19Z,Insert,1.0,120.25,Sell,EEX
264,2021-10-21T14:13:42Z,Insert,3.0,120.30,Sell,EEX
265,2021-10-21T14:16:55.259Z,Update,1.0,120.350,Buy,Griffin Markets Europe SAS
266,2021-10-21T14:19:29Z,Insert,1.0,120.50,Sell,EEX
267,2021-10-21T14:19:39Z,Insert,1.0,120.50,Sell,EEX
268,2021-10-21T14:19:41Z,Insert,3.0,120.50,Sell,EEX
269,2021-10-21T14:24:12Z,Insert,1.0,120.75,Sell,EEX
270,2021-10-21T14:24:13.964Z,Update,1.0,120.75,Buy,Tullett Prebon
271,2021-10-21T14:27:01Z,Insert,1.0,120.75,Sell,EEX
272,2021-10-21T14:27:04.827Z,Update,1.0,120.75,Buy,ICAP
273,2021-10-21T14:27:08.015Z,Update,1.0,120.75,Buy,ICAP
274,2021-10-21T14:27:14.562Z,Update,3.0,120.75,Buy,ICAP
275,2021-10-21T14:29:13.3Z,Update,1.0,120.50,Sell,Tullett Prebon
276,2021-10-21T14:42:17Z,Insert,1.0,120.75,Sell,EEX
277,2021-10-21T14:43:22Z,Insert,1.0,120.75,Sell,EEX
278,2021-10-21T14:43:23Z,Insert,1.0,120.75,Sell,EEX
279,2021-10-21T14:43:27Z,Insert,1.0,120.75,Sell,EEX
280,2021-10-21T14:49:30Z,Insert,1.0,120.75,Sell,EEX
281,2021-10-21T14:51:12Z,Insert,4.0,120.50,Sell,EEX
282,2021-10-21T14:51:12Z,Insert,1.0,120.50,Sell,EEX
283,2021-10-21T14:51:46.442Z,Update,1.0,120.50,Sell,ICAP
284,2021-10-21T14:51:52.084Z,Update,2.0,120.50,Sell,ICAP
285,2021-10-21T14:56:27.806Z,Update,1.0,120.70,Buy,ICAP
286,2021-10-21T14:58:09.727Z,Update,1.0,120.65,Sell,ICAP
287,2021-10-21T14:58:54Z,Insert,1.0,120.50,Sell,EEX
288,2021-10-21T15:00:24Z,Insert,1.0,120.50,Sell,EEX
289,2021-10-21T15:01:21Z,Insert,1.0,120.50,Sell,EEX
290,2021-10-21T15:02:17Z,Insert,1.0,120.15,Sell,EEX
291,2021-10-21T15:02:31Z,Insert,1.0,120.10,Sell,EEX
292,2021-10-21T15:02:35Z,Insert,1.0,120.10,Sell,EEX
293,2021-10-21T15:05:33Z,Insert,1.0,120.15,Sell,EEX
294,2021-10-21T15:12:29Z,Insert,2.0,120.30,Sell,EEX
295,2021-10-21T15:12:31Z,Insert,1.0,120.30,Sell,EEX
296,2021-10-21T15:12:34Z,Insert,1.0,120.30,Sell,EEX
297,2021-10-21T15:15:31Z,Insert,1.0,120.40,Sell,EEX
298,2021-10-21T15:16:42.456Z,Update,1.0,120.15,Sell,GFI
299,2021-10-21T15:16:50Z,Insert,3.0,120.00,Sell,EEX
300,2021-10-21T15:20:08Z,Insert,1.0,119.75,Sell,EEX
301,2021-10-21T15:20:14.559Z,Insert,2.0,119.75,Sell,Marex Spectron
302,2021-10-21T15:20:32Z,Insert,1.0,119.50,Sell,EEX
303,2021-10-21T15:21:36Z,Insert,1.0,119.50,Sell,EEX
304,2021-10-21T15:23:19Z,Insert,1.0,119.00,Sell,EEX
305,2021-10-21T15:26:13Z,Insert,3.0,119.25,Sell,EEX
306,2021-10-21T15:26:15.472Z,Update,2.0,119.25,Sell,Arraco Global Markets
307,2021-10-21T15:26:18.778Z,Update,1.0,119.25,Sell,Tradition
308,2021-10-21T15:26:48Z,Insert,1.0,119.00,Sell,EEX
309,2021-10-21T15:29:15.8Z,Update,1.0,119.000,Sell,Griffin Markets Europe SAS
310,2021-10-21T15:30:04Z,Insert,2.0,118.75,Sell,EEX
311,2021-10-21T15:31:38Z,Insert,1.0,118.50,Sell,EEX
312,2021-10-21T15:39:24.659Z,Update,1.0,119.25,Sell,GFI
313,2021-10-21T15:40:00.194Z,Update,1.0,119.25,Buy,GFI
314,2021-10-21T15:44:28Z,Insert,1.0,119.50,Sell,EEX
315,2021-10-21T15:49:21.458Z,Update,1.0,120.00,Buy,Tradition
316,2021-10-21T15:52:55Z,Insert,1.0,119.29,Sell,EEX
317,2021-10-21T15:52:55Z,Insert,2.0,119.10,Sell,EEX
318,2021-10-21T15:52:55Z,Insert,1.0,119.00,Sell,EEX
319,2021-10-21T15:53:07.484Z,Update,1.0,119.50,Sell,GFI
320,2021-10-21T15:53:13.187Z,Update,1.0,119.25,Sell,GFI
321,2021-10-21T15:54:09Z,Insert,1.0,119.50,Sell,EEX
322,2021-10-21T15:55:21Z,Insert,1.0,119.30,Sell,EEX
323,2021-10-21T15:58:16.062Z,Update,1.0,119.25,Sell,GFI
324,2021-10-21T15:58:58.429Z,Update,1.0,119.25,Sell,GFI
325,2021-10-21T15:59:14.435Z,Update,1.0,119.25,Sell,GFI
