,DateTime,Action,Volume,Price,AggressorAction,AggressorBroker
0,2021-10-04T06:11:35.409Z,Update,1.0,134.70,Buy,GFI
1,2021-10-04T06:11:41Z,Insert,2.0,134.90,Sell,EEX
2,2021-10-04T06:12:05.945Z,Update,1.0,135.25,Buy,ICAP
3,2021-10-04T06:12:42.965Z,Update,1.0,135.50,Buy,ICAP
4,2021-10-04T06:56:09.753Z,Update,1.0,135.75,Buy,ICAP
5,2021-10-04T06:56:26Z,Insert,1.0,135.75,Sell,EEX
6,2021-10-04T06:56:31Z,Insert,1.0,135.74,Sell,EEX
7,2021-10-04T06:56:33.933Z,Update,1.0,135.75,Buy,ICAP
8,2021-10-04T06:56:34Z,Insert,2.0,135.75,Sell,EEX
9,2021-10-04T06:56:37.232Z,Update,1.0,135.75,Buy,GFI
10,2021-10-04T06:58:11Z,Insert,1.0,135.75,Sell,EEX
11,2021-10-04T06:58:54.855Z,Update,1.0,135.35,Sell,Tradition
12,2021-10-04T06:58:54Z,Insert,2.0,135.35,Sell,Tullett Prebon
13,2021-10-04T06:58:54Z,Insert,2.0,135.35,Sell,Tullett Prebon
14,2021-10-04T06:58:56.074Z,Update,1.0,135.35,Buy,Tradition
15,2021-10-04T06:58:58.699Z,Update,1.0,135.35,Buy,Tradition
16,2021-10-04T06:59:04Z,Insert,1.0,135.25,Sell,EEX
17,2021-10-04T06:59:12Z,Insert,1.0,135.00,Sell,EEX
18,2021-10-04T06:59:14Z,Insert,2.0,135.00,Sell,EEX
19,2021-10-04T06:59:16Z,Insert,1.0,135.12,Sell,EEX
20,2021-10-04T06:59:17.981Z,Update,5.0,135.25,Sell,Tullett Prebon
21,2021-10-04T06:59:19Z,Insert,1.0,135.00,Sell,EEX
22,2021-10-04T06:59:19Z,Insert,1.0,135.00,Sell,EEX
23,2021-10-04T06:59:19Z,Insert,1.0,135.00,Sell,EEX
24,2021-10-04T06:59:28Z,Insert,1.0,135.00,Sell,EEX
25,2021-10-04T06:59:31Z,Insert,1.0,135.00,Sell,EEX
26,2021-10-04T06:59:34.987Z,Update,5.0,135.00,Buy,Tullett Prebon
27,2021-10-04T06:59:34.987Z,Insert,5.0,135.00,Buy,Tullett Prebon
28,2021-10-04T07:00:15.709Z,Update,1.0,134.75,Sell,ICAP
29,2021-10-04T07:00:18Z,Insert,2.0,134.70,Sell,EEX
30,2021-10-04T07:00:27.023Z,Update,2.0,134.65,Buy,Griffin Markets Europe SAS
31,2021-10-04T07:03:12.276Z,Update,1.0,134.85,Buy,Tradition
32,2021-10-04T07:04:32.331Z,Update,1.0,135.25,Buy,GFI
33,2021-10-04T07:04:45Z,Insert,1.0,135.50,Sell,EEX
34,2021-10-04T07:06:12.498Z,Update,1.0,135.50,Buy,GFI
35,2021-10-04T07:06:17Z,Insert,2.0,135.75,Sell,EEX
36,2021-10-04T07:08:57Z,Insert,1.0,135.75,Sell,EEX
37,2021-10-04T07:09:14Z,Insert,1.0,135.75,Sell,EEX
38,2021-10-04T07:10:38.483Z,Update,1.0,135.70,Buy,ICAP
39,2021-10-04T07:10:51.511Z,Update,5.0,135.60,Buy,Griffin Markets Europe SAS
40,2021-10-04T07:11:32.409Z,Update,1.0,135.50,Buy,GFI
41,2021-10-04T07:11:34.394Z,Update,1.0,135.50,Buy,GFI
42,2021-10-04T07:11:37.838Z,Update,1.0,135.50,Buy,GFI
43,2021-10-04T07:11:40.799Z,Update,1.0,135.50,Buy,GFI
44,2021-10-04T07:11:43.489Z,Update,1.0,135.50,Buy,GFI
45,2021-10-04T07:13:27Z,Insert,1.0,135.45,Sell,EEX
46,2021-10-04T07:14:06Z,Insert,5.0,135.45,Sell,EEX
47,2021-10-04T07:14:08Z,Insert,5.0,135.45,Sell,EEX
48,2021-10-04T07:18:09Z,Insert,1.0,135.25,Sell,EEX
49,2021-10-04T07:18:24.973Z,Update,3.0,135.25,Sell,Tullett Prebon
50,2021-10-04T07:18:26.489Z,Update,1.0,135.25,Buy,Tradition
51,2021-10-04T07:18:48.209Z,Update,1.0,135.25,Buy,Tullett Prebon
52,2021-10-04T07:19:40Z,Insert,2.0,135.25,Sell,EEX
53,2021-10-04T07:20:51.779Z,Update,1.0,135.25,Sell,GFI
54,2021-10-04T07:20:56.889Z,Update,1.0,135.25,Sell,GFI
55,2021-10-04T07:21:02Z,Insert,1.0,135.10,Sell,EEX
56,2021-10-04T07:22:23.546Z,Update,1.0,135.25,Buy,GFI
57,2021-10-04T07:22:26.841Z,Update,1.0,135.25,Buy,GFI
58,2021-10-04T07:22:29.206Z,Update,1.0,135.25,Buy,GFI
59,2021-10-04T07:23:25.111Z,Update,2.0,135.35,Buy,GFI
60,2021-10-04T07:27:16.002Z,Update,1.0,135.35,Sell,Tradition
61,2021-10-04T07:31:49.081Z,Update,1.0,135.30,Buy,GFI
62,2021-10-04T07:31:50.414Z,Update,1.0,135.30,Buy,GFI
63,2021-10-04T07:31:51.883Z,Update,1.0,135.30,Buy,GFI
64,2021-10-04T07:32:06Z,Insert,1.0,135.34,Sell,EEX
65,2021-10-04T07:32:09.719Z,Update,1.0,135.35,Buy,Tradition
66,2021-10-04T07:32:15Z,Insert,6.0,135.40,Sell,EEX
67,2021-10-04T07:32:18.662Z,Update,1.0,135.35,Buy,Arraco Global Markets
68,2021-10-04T07:32:19.183Z,Update,1.0,135.50,Buy,ICAP
69,2021-10-04T07:32:23.144Z,Update,1.0,135.40,Sell,Arraco Global Markets
70,2021-10-04T07:32:26.359Z,Update,1.0,135.40,Buy,Arraco Global Markets
71,2021-10-04T07:32:29.136Z,Update,1.0,135.40,Buy,Arraco Global Markets
72,2021-10-04T07:32:29.198Z,Update,1.0,135.40,Buy,Arraco Global Markets
73,2021-10-04T07:32:30.238Z,Update,1.0,135.40,Buy,Arraco Global Markets
74,2021-10-04T07:32:37Z,Insert,1.0,135.50,Sell,EEX
75,2021-10-04T07:32:40.39Z,Update,1.0,135.40,Sell,Arraco Global Markets
76,2021-10-04T07:32:47Z,Insert,1.0,135.50,Sell,EEX
77,2021-10-04T07:32:49.107Z,Update,1.0,135.40,Sell,Arraco Global Markets
78,2021-10-04T07:32:51.962Z,Update,1.0,135.40,Sell,Arraco Global Markets
79,2021-10-04T07:32:53.12Z,Update,1.0,135.40,Sell,Arraco Global Markets
80,2021-10-04T07:32:53Z,Insert,1.0,135.50,Buy,EEX
81,2021-10-04T07:33:02Z,Insert,1.0,135.60,Sell,EEX
82,2021-10-04T07:33:12Z,Insert,1.0,135.65,Sell,EEX
83,2021-10-04T07:34:18.745Z,Update,1.0,135.75,Buy,ICAP
84,2021-10-04T07:35:37.09Z,Update,1.0,135.75,Sell,ICAP
85,2021-10-04T07:35:40.403Z,Update,1.0,135.75,Buy,ICAP
86,2021-10-04T07:35:42.809Z,Update,1.0,135.75,Buy,ICAP
87,2021-10-04T07:35:47.487Z,Update,1.0,135.75,Buy,GFI
88,2021-10-04T07:36:57Z,Insert,1.0,135.95,Sell,EEX
89,2021-10-04T07:37:17Z,Insert,7.0,136.00,Sell,EEX
90,2021-10-04T07:39:34Z,Insert,3.0,136.00,Sell,EEX
91,2021-10-04T07:40:30Z,Insert,1.0,135.90,Sell,EEX
92,2021-10-04T07:41:26.167Z,Update,1.0,136.00,Buy,GFI
93,2021-10-04T07:41:28.571Z,Update,4.0,136.00,Buy,GFI
94,2021-10-04T07:42:20.565Z,Update,4.0,136.00,Buy,GFI
95,2021-10-04T07:42:26.653Z,Update,1.0,136.00,Buy,GFI
96,2021-10-04T07:46:16.647Z,Update,1.0,136.200,Buy,Griffin Markets Europe SAS
97,2021-10-04T07:46:32.792Z,Update,1.0,136.25,Sell,Tradition
98,2021-10-04T07:46:34.331Z,Update,1.0,136.25,Sell,Marex Spectron
99,2021-10-04T07:46:44Z,Insert,5.0,136.30,Sell,EEX
100,2021-10-04T07:46:50.252Z,Update,1.0,136.30,Buy,ICAP
101,2021-10-04T07:47:20Z,Update,2.0,136.50,Buy,Tullett Prebon
102,2021-10-04T07:47:38.306Z,Update,1.0,136.75,Sell,GFI
103,2021-10-04T07:47:39.542Z,Update,1.0,136.75,Sell,Marex Spectron
104,2021-10-04T07:47:45.264Z,Update,1.0,136.75,Buy,GFI
105,2021-10-04T07:47:46.672Z,Update,1.0,136.75,Sell,GFI
106,2021-10-04T07:48:32.98Z,Update,5.0,136.710,Sell,Griffin Markets Europe SAS
107,2021-10-04T07:48:32.98Z,Insert,5.0,136.70,Buy,Griffin Markets Europe SAS
108,2021-10-04T07:50:10Z,Insert,1.0,137.00,Sell,EEX
109,2021-10-04T07:50:22Z,Insert,1.0,137.00,Sell,EEX
110,2021-10-04T07:50:23.64Z,Update,1.0,137.00,Buy,ICAP
111,2021-10-04T07:51:25Z,Insert,1.0,137.30,Sell,EEX
112,2021-10-04T07:51:54Z,Insert,1.0,137.50,Sell,EEX
113,2021-10-04T07:52:05Z,Insert,1.0,137.50,Sell,EEX
114,2021-10-04T07:52:17Z,Insert,1.0,137.50,Sell,EEX
115,2021-10-04T07:52:40Z,Insert,2.0,137.50,Sell,EEX
116,2021-10-04T07:53:16Z,Insert,1.0,137.06,Sell,EEX
117,2021-10-04T07:54:33Z,Insert,1.0,137.00,Sell,EEX
118,2021-10-04T07:56:36.245Z,Update,1.0,137.00,Buy,Tullett Prebon
119,2021-10-04T07:56:36Z,Insert,1.0,137.00,Sell,EEX
120,2021-10-04T07:57:22Z,Insert,1.0,137.00,Sell,EEX
121,2021-10-04T08:00:26.193Z,Update,1.0,137.45,Sell,Tradition
122,2021-10-04T08:00:29.946Z,Update,1.0,137.500,Buy,Griffin Markets Europe SAS
123,2021-10-04T08:01:38Z,Update,1.0,137.25,Buy,Marex Spectron
124,2021-10-04T08:09:31Z,Insert,1.0,137.75,Sell,EEX
125,2021-10-04T08:09:32.442Z,Update,1.0,137.75,Sell,Arraco Global Markets
126,2021-10-04T08:09:35.126Z,Update,1.0,137.75,Sell,Arraco Global Markets
127,2021-10-04T08:09:36.936Z,Update,1.0,137.75,Sell,Arraco Global Markets
128,2021-10-04T08:09:38.204Z,Update,1.0,137.75,Sell,Arraco Global Markets
129,2021-10-04T08:09:39.984Z,Update,1.0,137.75,Sell,Arraco Global Markets
130,2021-10-04T08:09:44.268Z,Update,1.0,138.00,Buy,Tullett Prebon
131,2021-10-04T08:09:44Z,Insert,1.0,137.85,Sell,EEX
132,2021-10-04T08:09:46Z,Insert,1.0,138.00,Sell,EEX
133,2021-10-04T08:09:48.147Z,Update,5.0,138.110,Buy,Griffin Markets Europe SAS
134,2021-10-04T08:09:48.147Z,Insert,5.0,138.10,Sell,Griffin Markets Europe SAS
135,2021-10-04T08:10:39Z,Insert,1.0,137.25,Sell,EEX
136,2021-10-04T08:10:51Z,Insert,1.0,138.05,Sell,EEX
137,2021-10-04T08:10:54Z,Insert,1.0,138.25,Sell,EEX
138,2021-10-04T08:10:55Z,Insert,1.0,138.25,Sell,EEX
139,2021-10-04T08:10:57Z,Insert,1.0,138.25,Sell,EEX
140,2021-10-04T08:11:27.548Z,Update,1.0,138.50,Sell,Tradition
141,2021-10-04T08:13:00Z,Update,1.0,138.69,Sell,GFI
142,2021-10-04T08:13:17Z,Insert,1.0,138.69,Sell,EEX
143,2021-10-04T08:13:41Z,Insert,1.0,138.03,Sell,EEX
144,2021-10-04T08:15:05Z,Insert,1.0,138.05,Sell,EEX
145,2021-10-04T08:16:34Z,Insert,1.0,138.50,Sell,EEX
146,2021-10-04T08:16:36Z,Insert,1.0,138.50,Sell,EEX
147,2021-10-04T08:16:41Z,Insert,1.0,138.70,Sell,EEX
148,2021-10-04T08:16:47Z,Insert,1.0,138.60,Sell,EEX
149,2021-10-04T08:17:39.281Z,Update,1.0,139.00,Buy,Tullett Prebon
150,2021-10-04T08:18:25Z,Insert,1.0,139.00,Buy,ICAP
151,2021-10-04T08:18:25Z,Insert,1.0,139.00,Buy,ICAP
152,2021-10-04T08:18:32.343Z,Update,1.0,139.10,Sell,Tradition
153,2021-10-04T08:18:42Z,Insert,1.0,139.20,Sell,EEX
154,2021-10-04T08:18:45Z,Insert,1.0,139.20,Sell,EEX
155,2021-10-04T08:18:45Z,Insert,4.0,139.25,Sell,EEX
156,2021-10-04T08:18:53.905Z,Update,1.0,139.15,Sell,Tradition
157,2021-10-04T08:19:03Z,Insert,1.0,139.25,Sell,EEX
158,2021-10-04T08:20:28.743Z,Insert,1.0,139.35,Buy,GFI
159,2021-10-04T08:20:28.743Z,Insert,1.0,139.35,Buy,GFI
160,2021-10-04T08:20:53.369Z,Update,1.0,139.35,Sell,Griffin Markets Europe SAS
161,2021-10-04T08:21:44Z,Insert,1.0,139.50,Sell,EEX
162,2021-10-04T08:21:49.057Z,Update,1.0,139.50,Buy,Tullett Prebon
163,2021-10-04T08:21:50Z,Insert,1.0,139.50,Sell,EEX
164,2021-10-04T08:22:45.28Z,Insert,2.0,139.50,Sell,Marex Spectron
165,2021-10-04T08:22:48Z,Insert,2.0,139.50,Sell,EEX
166,2021-10-04T08:22:58.3Z,Insert,1.0,139.50,Sell,Griffin Markets Europe SAS
167,2021-10-04T08:22:58.3Z,Insert,1.0,139.50,Sell,Griffin Markets Europe SAS
168,2021-10-04T08:22:58.3Z,Insert,1.0,139.50,Sell,Griffin Markets Europe SAS
169,2021-10-04T08:22:58.3Z,Insert,1.0,139.50,Sell,Griffin Markets Europe SAS
170,2021-10-04T08:23:02.066Z,Insert,1.0,139.50,Sell,Marex Spectron
171,2021-10-04T08:23:33Z,Update,1.0,139.50,Sell,Tullett Prebon
172,2021-10-04T08:23:41.812Z,Insert,2.0,139.50,Sell,Marex Spectron
173,2021-10-04T08:24:14.138Z,Update,4.0,139.50,Sell,Tradition
174,2021-10-04T08:24:34.768Z,Update,1.0,139.50,Sell,GFI
175,2021-10-04T08:24:36.726Z,Update,1.0,139.50,Sell,GFI
176,2021-10-04T08:25:14Z,Update,3.0,139.40,Sell,GFI
177,2021-10-04T08:25:14Z,Update,3.0,139.40,Sell,GFI
178,2021-10-04T08:25:47.854Z,Insert,5.0,139.40,Sell,Marex Spectron
179,2021-10-04T08:25:48.856Z,Update,3.0,139.40,Sell,Tradition
180,2021-10-04T08:26:09Z,Insert,1.0,139.00,Sell,EEX
181,2021-10-04T08:26:22Z,Insert,1.0,138.90,Sell,EEX
182,2021-10-04T08:26:28Z,Insert,1.0,138.89,Sell,EEX
183,2021-10-04T08:28:53.839Z,Update,1.0,139.50,Buy,Tradition
184,2021-10-04T08:28:56Z,Insert,6.0,139.50,Sell,EEX
185,2021-10-04T08:29:03.62Z,Update,1.0,139.70,Buy,Tradition
186,2021-10-04T08:29:39.565Z,Update,1.0,140.00,Sell,ICAP
187,2021-10-04T08:29:40.191Z,Update,1.0,140.00,Buy,Tullett Prebon
188,2021-10-04T08:29:40.221Z,Update,1.0,140.00,Sell,ICAP
189,2021-10-04T08:29:43.065Z,Update,1.0,140.00,Sell,Marex Spectron
190,2021-10-04T08:29:43.792Z,Update,1.0,140.00,Sell,Tradition
191,2021-10-04T08:30:55Z,Insert,1.0,140.50,Sell,EEX
192,2021-10-04T08:31:09Z,Insert,1.0,140.35,Sell,EEX
193,2021-10-04T08:31:21Z,Insert,1.0,140.05,Sell,EEX
194,2021-10-04T08:31:23.978Z,Update,1.0,140.25,Sell,GFI
195,2021-10-04T08:31:39Z,Insert,1.0,140.00,Sell,EEX
196,2021-10-04T08:31:40.244Z,Update,1.0,140.20,Buy,Tradition
197,2021-10-04T08:31:55Z,Insert,1.0,140.00,Sell,EEX
198,2021-10-04T08:32:07Z,Insert,2.0,140.00,Sell,EEX
199,2021-10-04T08:32:24.017Z,Update,1.0,140.05,Sell,GFI
200,2021-10-04T08:32:28Z,Insert,2.0,140.00,Sell,EEX
201,2021-10-04T08:32:28Z,Insert,2.0,140.00,Sell,EEX
202,2021-10-04T08:32:28Z,Insert,2.0,140.00,Sell,EEX
203,2021-10-04T08:32:29Z,Insert,1.0,140.00,Sell,EEX
204,2021-10-04T08:32:33Z,Insert,1.0,140.00,Sell,EEX
205,2021-10-04T08:32:39Z,Insert,1.0,140.00,Sell,EEX
206,2021-10-04T08:32:55Z,Insert,1.0,140.00,Sell,EEX
207,2021-10-04T08:33:39.718Z,Insert,1.0,140.00,Buy,Marex Spectron
208,2021-10-04T08:33:39.718Z,Insert,1.0,140.00,Buy,Marex Spectron
209,2021-10-04T08:34:16Z,Insert,1.0,140.25,Sell,EEX
210,2021-10-04T08:34:17.54Z,Update,1.0,140.00,Buy,Tradition
211,2021-10-04T08:34:49Z,Insert,1.0,140.00,Sell,EEX
212,2021-10-04T08:34:50Z,Insert,1.0,140.00,Sell,EEX
213,2021-10-04T08:35:08.243Z,Update,1.0,139.75,Sell,Tradition
214,2021-10-04T08:35:11.321Z,Update,1.0,139.75,Buy,Tradition
215,2021-10-04T08:35:11.712Z,Update,1.0,139.75,Buy,Tradition
216,2021-10-04T08:37:50Z,Insert,1.0,140.00,Sell,EEX
217,2021-10-04T08:38:06Z,Insert,1.0,140.00,Sell,EEX
218,2021-10-04T08:40:04.903Z,Insert,1.0,139.70,Buy,GFI
219,2021-10-04T08:41:00Z,Update,1.0,139.70,Sell,GFI
220,2021-10-04T08:41:22.981Z,Update,2.0,139.75,Sell,GFI
221,2021-10-04T08:41:36.833Z,Update,1.0,139.75,Sell,GFI
222,2021-10-04T08:42:10.471Z,Update,2.0,139.75,Sell,GFI
223,2021-10-04T08:42:12Z,Insert,1.0,140.00,Sell,EEX
224,2021-10-04T08:42:13.665Z,Update,1.0,139.75,Sell,GFI
225,2021-10-04T08:44:04.359Z,Update,1.0,140.00,Buy,Arraco Global Markets
226,2021-10-04T08:48:31Z,Insert,1.0,139.90,Sell,EEX
227,2021-10-04T08:51:21.237Z,Update,1.0,139.90,Sell,Tradition
228,2021-10-04T08:51:21Z,Update,1.0,139.90,Sell,Tradition
229,2021-10-04T08:52:43Z,Insert,1.0,139.75,Sell,EEX
230,2021-10-04T08:52:53Z,Insert,1.0,139.75,Sell,EEX
231,2021-10-04T08:54:00Z,Insert,1.0,139.80,Sell,EEX
232,2021-10-04T08:54:04Z,Insert,1.0,139.80,Sell,EEX
233,2021-10-04T08:54:04Z,Insert,2.0,139.90,Sell,EEX
234,2021-10-04T08:54:06Z,Insert,1.0,139.80,Sell,EEX
235,2021-10-04T08:55:55Z,Insert,1.0,139.90,Sell,EEX
236,2021-10-04T08:56:06.383Z,Update,5.0,139.95,Buy,Marex Spectron
237,2021-10-04T08:56:13Z,Insert,1.0,139.95,Sell,EEX
238,2021-10-04T08:56:18.29Z,Update,1.0,140.00,Buy,Arraco Global Markets
239,2021-10-04T08:56:18.587Z,Update,1.0,140.00,Buy,Arraco Global Markets
240,2021-10-04T08:56:18Z,Insert,2.0,140.00,Buy,EEX
241,2021-10-04T08:56:19.128Z,Update,1.0,140.00,Buy,Arraco Global Markets
242,2021-10-04T08:56:19.517Z,Update,1.0,140.00,Buy,Arraco Global Markets
243,2021-10-04T08:56:22.732Z,Update,1.0,140.00,Buy,Arraco Global Markets
244,2021-10-04T08:59:58Z,Insert,1.0,140.00,Sell,EEX
245,2021-10-04T09:00:53.149Z,Insert,2.0,139.90,Sell,GFI
246,2021-10-04T09:00:53.149Z,Insert,2.0,139.90,Sell,GFI
247,2021-10-04T09:02:12.772Z,Update,1.0,140.00,Buy,ICAP
248,2021-10-04T09:03:29Z,Update,2.0,139.95,Buy,GFI
249,2021-10-04T09:04:51.723Z,Update,1.0,140.10,Buy,GFI
250,2021-10-04T09:05:37.229Z,Update,5.0,140.20,Sell,Marex Spectron
251,2021-10-04T09:05:41Z,Insert,5.0,140.25,Sell,EEX
252,2021-10-04T09:05:41Z,Insert,1.0,140.25,Sell,EEX
253,2021-10-04T09:07:39Z,Insert,1.0,140.30,Sell,EEX
254,2021-10-04T09:08:24.747Z,Update,1.0,140.35,Buy,ICAP
255,2021-10-04T09:08:27.419Z,Update,1.0,140.35,Buy,ICAP
256,2021-10-04T09:08:27.779Z,Update,1.0,140.35,Sell,ICAP
257,2021-10-04T09:08:55Z,Insert,1.0,140.24,Sell,EEX
258,2021-10-04T09:09:10.004Z,Update,1.0,140.50,Sell,ICAP
259,2021-10-04T09:09:10Z,Insert,1.0,140.50,Buy,EEX
260,2021-10-04T09:09:32Z,Insert,1.0,140.60,Sell,EEX
261,2021-10-04T09:09:37.996Z,Update,1.0,140.60,Buy,Tullett Prebon
262,2021-10-04T09:18:11.174Z,Update,1.0,141.25,Sell,ICAP
263,2021-10-04T09:18:14Z,Insert,1.0,141.24,Sell,EEX
264,2021-10-04T09:23:59.835Z,Update,1.0,142.00,Buy,Tullett Prebon
265,2021-10-04T09:25:38Z,Insert,1.0,142.25,Sell,EEX
266,2021-10-04T09:27:58Z,Insert,5.0,142.50,Sell,EEX
267,2021-10-04T09:29:53.954Z,Update,2.0,143.00,Sell,Marex Spectron
268,2021-10-04T09:29:53Z,Insert,1.0,143.00,Sell,EEX
269,2021-10-04T09:29:57Z,Insert,1.0,142.75,Sell,EEX
270,2021-10-04T09:30:11Z,Insert,1.0,142.95,Sell,EEX
271,2021-10-04T09:30:13Z,Insert,5.0,142.75,Sell,EEX
272,2021-10-04T09:31:38Z,Insert,1.0,143.00,Sell,EEX
273,2021-10-04T09:36:39Z,Insert,1.0,143.50,Sell,EEX
274,2021-10-04T09:36:39Z,Insert,1.0,143.50,Sell,EEX
275,2021-10-04T09:36:39Z,Insert,1.0,143.50,Sell,EEX
276,2021-10-04T09:36:39Z,Insert,1.0,143.50,Sell,EEX
277,2021-10-04T09:36:40Z,Insert,1.0,143.50,Sell,EEX
278,2021-10-04T09:36:42Z,Insert,1.0,143.50,Sell,EEX
279,2021-10-04T09:36:44Z,Insert,1.0,143.50,Sell,EEX
280,2021-10-04T09:36:45Z,Insert,1.0,143.50,Sell,EEX
281,2021-10-04T09:37:47.924Z,Update,1.0,144.00,Sell,Tradition
282,2021-10-04T09:37:47.956Z,Update,2.0,144.00,Buy,Marex Spectron
283,2021-10-04T09:37:47Z,Insert,2.0,144.00,Buy,EEX
284,2021-10-04T09:37:48.056Z,Update,1.0,144.00,Buy,ICAP
285,2021-10-04T09:37:48.181Z,Update,1.0,144.00,Buy,ICAP
286,2021-10-04T09:37:48.29Z,Update,1.0,144.00,Buy,ICAP
287,2021-10-04T09:37:48.4Z,Update,1.0,144.00,Buy,ICAP
288,2021-10-04T09:37:48.525Z,Update,1.0,144.00,Buy,ICAP
289,2021-10-04T09:40:08.497Z,Insert,1.0,144.50,Sell,Griffin Markets Europe SAS
290,2021-10-04T09:40:08.497Z,Update,1.0,144.510,Sell,Griffin Markets Europe SAS
291,2021-10-04T09:40:37.26Z,Update,5.0,144.110,Sell,Griffin Markets Europe SAS
292,2021-10-04T09:40:37.26Z,Insert,5.0,144.10,Buy,Griffin Markets Europe SAS
293,2021-10-04T09:41:41Z,Insert,1.0,144.75,Sell,EEX
294,2021-10-04T09:42:07Z,Insert,1.0,144.75,Sell,EEX
295,2021-10-04T09:42:38.813Z,Update,3.0,144.75,Sell,Tradition
296,2021-10-04T09:42:46Z,Insert,5.0,144.85,Sell,EEX
297,2021-10-04T09:42:58.922Z,Update,2.0,144.90,Sell,Tradition
298,2021-10-04T09:43:22Z,Insert,2.0,145.00,Sell,EEX
299,2021-10-04T09:43:23.593Z,Update,2.0,145.00,Buy,Marex Spectron
300,2021-10-04T09:43:32.69Z,Update,1.0,145.50,Buy,ICAP
301,2021-10-04T09:43:48.578Z,Update,5.0,145.50,Sell,Tradition
302,2021-10-04T09:43:52Z,Insert,1.0,145.00,Sell,EEX
303,2021-10-04T09:44:02Z,Insert,1.0,145.49,Sell,EEX
304,2021-10-04T09:44:04.484Z,Update,1.0,145.50,Sell,Tradition
305,2021-10-04T09:44:05Z,Insert,4.0,145.50,Sell,EEX
306,2021-10-04T09:44:13Z,Insert,1.0,144.83,Sell,EEX
307,2021-10-04T09:45:24Z,Insert,2.0,145.50,Sell,EEX
308,2021-10-04T09:45:35Z,Insert,1.0,145.50,Sell,EEX
309,2021-10-04T09:45:38Z,Insert,1.0,145.50,Sell,EEX
310,2021-10-04T09:45:38Z,Insert,2.0,145.50,Sell,EEX
311,2021-10-04T09:45:40.283Z,Update,5.0,145.51,Buy,Griffin Markets Europe SAS
312,2021-10-04T09:47:26.66Z,Update,1.0,146.10,Sell,Tradition
313,2021-10-04T09:47:45.42Z,Update,2.0,146.00,Buy,Marex Spectron
314,2021-10-04T09:48:27Z,Insert,6.0,146.00,Sell,EEX
315,2021-10-04T09:48:30Z,Insert,1.0,146.00,Sell,EEX
316,2021-10-04T09:48:34Z,Insert,1.0,146.00,Sell,EEX
317,2021-10-04T09:49:08.611Z,Update,1.0,146.25,Buy,Arraco Global Markets
318,2021-10-04T09:49:11.297Z,Update,1.0,146.25,Buy,Arraco Global Markets
319,2021-10-04T09:49:13.699Z,Update,1.0,146.25,Buy,Arraco Global Markets
320,2021-10-04T09:49:36.41Z,Update,2.0,146.50,Sell,Tradition
321,2021-10-04T09:50:50.878Z,Update,5.0,146.50,Sell,Tradition
322,2021-10-04T09:51:18.255Z,Update,1.0,146.25,Sell,Arraco Global Markets
323,2021-10-04T09:51:36Z,Insert,1.0,146.20,Sell,EEX
324,2021-10-04T09:52:10Z,Update,5.0,146.50,Sell,Tradition
325,2021-10-04T09:53:49.83Z,Update,1.0,145.65,Buy,Tradition
326,2021-10-04T09:53:57.398Z,Update,1.0,145.70,Sell,Tullett Prebon
327,2021-10-04T09:54:05Z,Insert,1.0,146.00,Sell,EEX
328,2021-10-04T09:54:06Z,Insert,1.0,146.00,Sell,EEX
329,2021-10-04T09:54:55Z,Insert,1.0,145.50,Sell,EEX
330,2021-10-04T09:55:14Z,Insert,1.0,145.00,Sell,EEX
331,2021-10-04T09:55:14Z,Insert,1.0,144.75,Sell,EEX
332,2021-10-04T09:55:17.555Z,Update,1.0,144.80,Sell,ICAP
333,2021-10-04T09:55:23Z,Insert,2.0,144.80,Sell,EEX
334,2021-10-04T09:55:26Z,Insert,1.0,144.80,Sell,EEX
335,2021-10-04T09:56:07.361Z,Update,2.0,145.00,Sell,Tradition
336,2021-10-04T09:56:43Z,Insert,2.0,144.80,Sell,EEX
337,2021-10-04T09:56:44.501Z,Update,1.0,144.75,Sell,Tradition
338,2021-10-04T09:57:02.89Z,Update,1.0,144.25,Sell,ICAP
339,2021-10-04T09:57:04Z,Insert,1.0,144.00,Sell,EEX
340,2021-10-04T09:57:05Z,Insert,1.0,144.00,Sell,EEX
341,2021-10-04T09:57:05Z,Insert,1.0,144.00,Sell,EEX
342,2021-10-04T09:57:05Z,Insert,1.0,144.00,Sell,EEX
343,2021-10-04T09:57:10Z,Insert,1.0,144.50,Sell,EEX
344,2021-10-04T09:57:14.266Z,Update,1.0,144.50,Sell,Tradition
345,2021-10-04T09:57:42.891Z,Update,1.0,144.50,Sell,Tradition
346,2021-10-04T09:58:44Z,Update,5.0,144.00,Sell,ICAP
347,2021-10-04T09:59:20Z,Insert,2.0,144.00,Sell,EEX
348,2021-10-04T10:00:23.765Z,Update,1.0,143.50,Sell,Tradition
349,2021-10-04T10:00:31.468Z,Update,1.0,143.50,Sell,Tradition
350,2021-10-04T10:00:38Z,Insert,2.0,143.50,Sell,EEX
351,2021-10-04T10:00:39Z,Insert,1.0,143.50,Sell,EEX
352,2021-10-04T10:00:46Z,Insert,1.0,143.50,Sell,EEX
353,2021-10-04T10:00:57Z,Insert,2.0,143.50,Sell,EEX
354,2021-10-04T10:03:59Z,Insert,5.0,143.60,Sell,EEX
355,2021-10-04T10:05:36Z,Insert,1.0,144.00,Sell,EEX
356,2021-10-04T10:06:00Z,Insert,1.0,144.00,Sell,EEX
357,2021-10-04T10:06:06.25Z,Update,1.0,144.00,Sell,ICAP
358,2021-10-04T10:06:17Z,Insert,1.0,144.00,Sell,EEX
359,2021-10-04T10:06:32Z,Insert,1.0,144.00,Sell,EEX
360,2021-10-04T10:09:10.046Z,Update,1.0,143.75,Sell,Griffin Markets Europe SAS
361,2021-10-04T10:09:54.824Z,Update,1.0,143.75,Sell,Tradition
362,2021-10-04T10:10:14Z,Update,1.0,144.00,Sell,Tullett Prebon
363,2021-10-04T10:10:17Z,Insert,1.0,144.00,Sell,EEX
364,2021-10-04T10:10:29Z,Insert,1.0,144.00,Sell,EEX
365,2021-10-04T10:12:27Z,Insert,2.0,143.45,Sell,EEX
366,2021-10-04T10:12:30.978Z,Update,2.0,143.50,Sell,Griffin Markets Europe SAS
367,2021-10-04T10:12:33.576Z,Update,2.0,143.50,Sell,Griffin Markets Europe SAS
368,2021-10-04T10:13:17Z,Insert,1.0,143.75,Sell,EEX
369,2021-10-04T10:15:00.682Z,Update,1.0,143.25,Sell,Tradition
370,2021-10-04T10:16:45Z,Insert,1.0,143.50,Sell,EEX
371,2021-10-04T10:18:44.353Z,Update,2.0,143.25,Buy,Tradition
372,2021-10-04T10:19:29Z,Update,5.0,143.50,Sell,ICAP
373,2021-10-04T10:19:41.109Z,Update,1.0,143.50,Buy,ICAP
374,2021-10-04T10:19:43.875Z,Update,4.0,143.50,Buy,ICAP
375,2021-10-04T10:20:18.507Z,Insert,1.0,143.50,Sell,Griffin Markets Europe SAS
376,2021-10-04T10:20:18.507Z,Insert,1.0,143.50,Sell,Griffin Markets Europe SAS
377,2021-10-04T10:20:21.376Z,Update,1.0,143.50,Buy,Griffin Markets Europe SAS
378,2021-10-04T10:20:24.238Z,Update,1.0,143.50,Buy,Griffin Markets Europe SAS
379,2021-10-04T10:20:27.301Z,Update,1.0,143.50,Buy,Griffin Markets Europe SAS
380,2021-10-04T10:20:29.045Z,Update,1.0,143.50,Buy,Griffin Markets Europe SAS
381,2021-10-04T10:20:31.639Z,Update,1.0,143.50,Buy,Griffin Markets Europe SAS
382,2021-10-04T10:20:35.328Z,Update,1.0,143.50,Buy,Griffin Markets Europe SAS
383,2021-10-04T10:20:40.501Z,Update,1.0,143.50,Buy,Griffin Markets Europe SAS
384,2021-10-04T10:20:42.859Z,Update,1.0,143.50,Buy,Griffin Markets Europe SAS
385,2021-10-04T10:20:46.192Z,Update,1.0,143.50,Buy,Griffin Markets Europe SAS
386,2021-10-04T10:22:15Z,Insert,1.0,143.50,Sell,EEX
387,2021-10-04T10:24:36.908Z,Update,1.0,143.50,Sell,ICAP
388,2021-10-04T10:26:07Z,Insert,2.0,143.50,Sell,EEX
389,2021-10-04T10:26:50Z,Insert,2.0,143.50,Sell,EEX
390,2021-10-04T10:29:33Z,Insert,1.0,143.30,Sell,EEX
391,2021-10-04T10:29:37.296Z,Update,1.0,143.25,Sell,Tullett Prebon
392,2021-10-04T10:29:41.04Z,Update,1.0,143.25,Sell,Tullett Prebon
393,2021-10-04T10:33:36Z,Insert,1.0,143.20,Sell,EEX
394,2021-10-04T10:35:12Z,Insert,1.0,143.00,Sell,EEX
395,2021-10-04T10:36:07Z,Insert,1.0,142.90,Sell,EEX
396,2021-10-04T10:36:10.091Z,Update,1.0,142.95,Sell,ICAP
397,2021-10-04T10:36:29Z,Insert,1.0,142.90,Sell,EEX
398,2021-10-04T10:36:32Z,Insert,1.0,143.00,Sell,EEX
399,2021-10-04T10:39:41Z,Insert,3.0,142.90,Sell,EEX
400,2021-10-04T10:39:50Z,Update,1.0,142.85,Sell,Tullett Prebon
401,2021-10-04T10:40:33Z,Insert,1.0,142.85,Sell,Tullett Prebon
402,2021-10-04T10:40:33Z,Insert,1.0,142.85,Sell,Tullett Prebon
403,2021-10-04T10:40:37Z,Insert,1.0,142.85,Sell,EEX
404,2021-10-04T10:40:39Z,Insert,1.0,142.85,Sell,EEX
405,2021-10-04T10:45:43Z,Insert,2.0,142.58,Sell,EEX
406,2021-10-04T10:45:57Z,Insert,1.0,142.50,Sell,EEX
407,2021-10-04T10:45:59Z,Insert,1.0,142.50,Sell,EEX
408,2021-10-04T10:46:19Z,Insert,1.0,142.50,Sell,EEX
409,2021-10-04T10:46:23Z,Insert,2.0,142.50,Sell,EEX
410,2021-10-04T10:46:28Z,Insert,1.0,142.50,Sell,EEX
411,2021-10-04T10:46:29Z,Insert,1.0,142.00,Sell,EEX
412,2021-10-04T10:47:41.833Z,Update,1.0,142.00,Sell,Tullett Prebon
413,2021-10-04T10:47:45Z,Insert,1.0,142.00,Sell,EEX
414,2021-10-04T10:50:21Z,Insert,1.0,142.20,Sell,EEX
415,2021-10-04T10:51:01Z,Insert,1.0,142.10,Sell,EEX
416,2021-10-04T10:52:45.036Z,Update,2.0,142.20,Sell,GFI
417,2021-10-04T10:52:45Z,Insert,1.0,142.10,Sell,EEX
418,2021-10-04T10:52:45Z,Insert,1.0,142.10,Sell,EEX
419,2021-10-04T10:52:56Z,Insert,1.0,142.10,Sell,EEX
420,2021-10-04T10:53:00Z,Update,2.0,142.20,Sell,GFI
421,2021-10-04T10:53:11Z,Insert,1.0,142.10,Sell,EEX
422,2021-10-04T10:53:29Z,Insert,4.0,142.00,Sell,EEX
423,2021-10-04T10:53:30.702Z,Update,1.0,142.00,Sell,Tullett Prebon
424,2021-10-04T10:53:51Z,Insert,1.0,142.00,Sell,EEX
425,2021-10-04T10:54:00Z,Update,1.0,142.10,Sell,GFI
426,2021-10-04T10:54:02.652Z,Update,1.0,142.10,Sell,GFI
427,2021-10-04T10:54:40Z,Insert,1.0,142.00,Sell,EEX
428,2021-10-04T10:54:54.942Z,Update,1.0,142.00,Sell,Tullett Prebon
429,2021-10-04T10:55:12.611Z,Update,1.0,142.00,Sell,Tullett Prebon
430,2021-10-04T10:55:12Z,Insert,1.0,141.86,Sell,EEX
431,2021-10-04T10:55:15.075Z,Update,1.0,142.00,Sell,Tullett Prebon
432,2021-10-04T10:55:15Z,Insert,1.0,141.60,Sell,EEX
433,2021-10-04T10:55:22Z,Insert,1.0,141.55,Sell,EEX
434,2021-10-04T10:56:14Z,Insert,1.0,141.70,Sell,EEX
435,2021-10-04T10:56:16.066Z,Update,1.0,141.70,Sell,Tullett Prebon
436,2021-10-04T10:56:20Z,Insert,1.0,141.60,Sell,EEX
437,2021-10-04T10:57:51.12Z,Update,1.0,141.80,Sell,Tradition
438,2021-10-04T10:57:52.011Z,Update,2.0,141.80,Sell,GFI
439,2021-10-04T10:58:00Z,Update,4.0,141.80,Sell,GFI
440,2021-10-04T10:59:03.46Z,Update,2.0,141.80,Sell,GFI
441,2021-10-04T10:59:06.198Z,Update,1.0,141.80,Sell,Griffin Markets Europe SAS
442,2021-10-04T11:01:44Z,Insert,1.0,142.05,Sell,EEX
443,2021-10-04T11:01:58.412Z,Update,1.0,142.05,Sell,GFI
444,2021-10-04T11:02:04Z,Insert,1.0,142.05,Sell,EEX
445,2021-10-04T11:02:31.969Z,Insert,1.0,142.00,Sell,Marex Spectron
446,2021-10-04T11:02:31.969Z,Insert,1.0,142.00,Sell,Marex Spectron
447,2021-10-04T11:02:50.272Z,Update,1.0,142.00,Sell,GFI
448,2021-10-04T11:04:53.632Z,Update,2.0,142.00,Sell,GFI
449,2021-10-04T11:05:00Z,Update,3.0,142.00,Sell,GFI
450,2021-10-04T11:05:09.608Z,Update,1.0,142.25,Buy,Griffin Markets Europe SAS
451,2021-10-04T11:05:14Z,Insert,1.0,142.35,Sell,EEX
452,2021-10-04T11:05:27.648Z,Update,2.0,142.35,Sell,Tradition
453,2021-10-04T11:05:29Z,Insert,2.0,142.35,Sell,EEX
454,2021-10-04T11:09:44Z,Insert,1.0,142.50,Sell,EEX
455,2021-10-04T11:09:55Z,Insert,1.0,142.49,Sell,EEX
456,2021-10-04T11:10:07Z,Insert,1.0,142.35,Sell,EEX
457,2021-10-04T11:10:12Z,Insert,1.0,142.50,Sell,EEX
458,2021-10-04T11:11:24.372Z,Insert,1.0,142.50,Buy,ICAP
459,2021-10-04T11:14:34.067Z,Update,1.0,142.60,Sell,Tradition
460,2021-10-04T11:17:55Z,Insert,1.0,142.90,Sell,EEX
461,2021-10-04T11:17:57Z,Insert,5.0,143.00,Sell,EEX
462,2021-10-04T11:22:27Z,Insert,1.0,143.54,Sell,EEX
463,2021-10-04T11:25:36.437Z,Update,1.0,143.75,Buy,Arraco Global Markets
464,2021-10-04T11:27:51Z,Insert,1.0,143.75,Sell,EEX
465,2021-10-04T11:27:57Z,Insert,1.0,143.75,Sell,EEX
466,2021-10-04T11:28:03Z,Insert,1.0,143.75,Sell,EEX
467,2021-10-04T11:28:04Z,Insert,1.0,143.75,Sell,EEX
468,2021-10-04T11:31:00Z,Insert,2.0,143.60,Sell,EEX
469,2021-10-04T11:34:00Z,Insert,1.0,143.80,Sell,EEX
470,2021-10-04T11:35:48Z,Insert,1.0,143.70,Sell,EEX
471,2021-10-04T11:37:04.772Z,Update,1.0,143.70,Sell,Tullett Prebon
472,2021-10-04T11:37:06.219Z,Update,1.0,143.70,Sell,Tullett Prebon
473,2021-10-04T11:37:07.622Z,Update,1.0,143.70,Sell,Tullett Prebon
474,2021-10-04T11:38:26.577Z,Update,2.0,143.50,Sell,Marex Spectron
475,2021-10-04T11:38:29.85Z,Update,2.0,143.50,Sell,Marex Spectron
476,2021-10-04T11:38:31Z,Insert,1.0,143.50,Sell,EEX
477,2021-10-04T11:38:31Z,Insert,1.0,143.50,Sell,EEX
478,2021-10-04T11:38:36.398Z,Update,2.0,143.50,Sell,Marex Spectron
479,2021-10-04T11:38:37Z,Insert,1.0,143.50,Sell,EEX
480,2021-10-04T11:38:40Z,Insert,1.0,143.50,Sell,EEX
481,2021-10-04T11:38:41Z,Insert,1.0,143.50,Sell,EEX
482,2021-10-04T11:38:42Z,Insert,1.0,143.50,Sell,EEX
483,2021-10-04T11:38:45Z,Insert,1.0,143.50,Sell,EEX
484,2021-10-04T11:38:57Z,Insert,1.0,143.50,Sell,EEX
485,2021-10-04T11:44:48Z,Insert,1.0,143.50,Sell,EEX
486,2021-10-04T11:44:56.806Z,Update,2.0,143.60,Sell,Tradition
487,2021-10-04T11:49:01Z,Insert,1.0,143.60,Sell,EEX
488,2021-10-04T11:58:16Z,Insert,1.0,144.00,Sell,EEX
489,2021-10-04T11:59:21.971Z,Update,5.0,144.00,Buy,Tullett Prebon
490,2021-10-04T12:00:42Z,Insert,1.0,144.00,Sell,EEX
491,2021-10-04T12:04:17Z,Insert,1.0,144.25,Sell,EEX
492,2021-10-04T12:04:30.534Z,Insert,1.0,144.25,Buy,Marex Spectron
493,2021-10-04T12:04:30.534Z,Insert,1.0,144.25,Buy,Marex Spectron
494,2021-10-04T12:04:31.476Z,Insert,1.0,144.25,Buy,Marex Spectron
495,2021-10-04T12:04:31.476Z,Insert,1.0,144.25,Buy,Marex Spectron
496,2021-10-04T12:04:33.044Z,Insert,3.0,144.25,Buy,Marex Spectron
497,2021-10-04T12:04:33.044Z,Insert,3.0,144.25,Buy,Marex Spectron
498,2021-10-04T12:05:16Z,Insert,2.0,144.20,Sell,EEX
499,2021-10-04T12:05:28.589Z,Update,1.0,144.25,Sell,ICAP
500,2021-10-04T12:05:52.064Z,Update,1.0,144.25,Sell,Tradition
501,2021-10-04T12:06:04Z,Insert,1.0,144.00,Sell,EEX
502,2021-10-04T12:08:10Z,Insert,1.0,144.15,Sell,EEX
503,2021-10-04T12:11:48.718Z,Update,1.0,144.25,Buy,Tradition
504,2021-10-04T12:11:48.747Z,Update,1.0,144.25,Buy,GFI
505,2021-10-04T12:11:48.875Z,Update,1.0,144.25,Buy,GFI
506,2021-10-04T12:11:48.997Z,Update,1.0,144.25,Buy,GFI
507,2021-10-04T12:11:49.377Z,Update,1.0,144.25,Buy,GFI
508,2021-10-04T12:11:52.383Z,Update,1.0,144.25,Buy,GFI
509,2021-10-04T12:14:05Z,Insert,1.0,144.45,Sell,EEX
510,2021-10-04T12:14:07Z,Insert,7.0,144.50,Sell,EEX
511,2021-10-04T12:14:18.858Z,Update,1.0,144.50,Sell,Tradition
512,2021-10-04T12:15:54Z,Insert,1.0,144.50,Sell,EEX
513,2021-10-04T12:16:11Z,Insert,1.0,144.50,Sell,EEX
514,2021-10-04T12:16:42.076Z,Update,2.0,144.50,Sell,Tradition
515,2021-10-04T12:17:21Z,Insert,1.0,144.50,Sell,EEX
516,2021-10-04T12:17:50Z,Insert,2.0,144.50,Sell,EEX
517,2021-10-04T12:17:59Z,Insert,2.0,144.50,Sell,EEX
518,2021-10-04T12:20:08.182Z,Insert,1.0,144.25,Sell,Marex Spectron
519,2021-10-04T12:20:20.883Z,Insert,1.0,144.25,Sell,Marex Spectron
520,2021-10-04T12:20:25Z,Insert,1.0,144.15,Sell,EEX
521,2021-10-04T12:20:26.147Z,Insert,1.0,144.25,Sell,Marex Spectron
522,2021-10-04T12:20:49.764Z,Insert,2.0,144.25,Sell,Marex Spectron
523,2021-10-04T12:21:09.657Z,Update,1.0,144.25,Buy,ICAP
524,2021-10-04T12:21:21Z,Insert,1.0,144.10,Sell,EEX
525,2021-10-04T12:23:24Z,Insert,1.0,144.00,Sell,EEX
526,2021-10-04T12:23:27.595Z,Update,2.0,144.00,Sell,GFI
527,2021-10-04T12:23:30Z,Insert,1.0,143.75,Sell,EEX
528,2021-10-04T12:24:49Z,Insert,1.0,143.55,Sell,EEX
529,2021-10-04T12:25:05Z,Insert,1.0,143.15,Sell,EEX
530,2021-10-04T12:25:09Z,Insert,1.0,143.00,Sell,EEX
531,2021-10-04T12:25:12Z,Insert,1.0,144.25,Sell,Marex Spectron
532,2021-10-04T12:25:12Z,Insert,1.0,144.25,Sell,Marex Spectron
533,2021-10-04T12:25:14.536Z,Update,1.0,143.15,Sell,ICAP
534,2021-10-04T12:25:20Z,Insert,1.0,143.00,Sell,EEX
535,2021-10-04T12:26:00Z,Insert,1.0,143.25,Sell,EEX
536,2021-10-04T12:26:28Z,Insert,1.0,143.05,Sell,EEX
537,2021-10-04T12:26:29Z,Insert,1.0,143.00,Sell,EEX
538,2021-10-04T12:26:31Z,Insert,1.0,143.00,Sell,EEX
539,2021-10-04T12:26:31Z,Insert,1.0,143.00,Sell,EEX
540,2021-10-04T12:26:33Z,Insert,1.0,143.05,Sell,EEX
541,2021-10-04T12:26:34Z,Insert,1.0,143.00,Sell,EEX
542,2021-10-04T12:26:35Z,Update,1.0,144.25,Sell,Marex Spectron
543,2021-10-04T12:26:36Z,Insert,1.0,143.00,Sell,EEX
544,2021-10-04T12:26:38Z,Insert,1.0,143.00,Sell,EEX
545,2021-10-04T12:26:39Z,Insert,1.0,143.00,Sell,EEX
546,2021-10-04T12:27:56.666Z,Update,1.0,143.15,Sell,Tradition
547,2021-10-04T12:31:01.587Z,Update,1.0,143.35,Sell,GFI
548,2021-10-04T12:31:04.472Z,Update,1.0,143.35,Buy,ICAP
549,2021-10-04T12:31:10Z,Insert,1.0,143.35,Sell,EEX
550,2021-10-04T12:31:14.292Z,Update,1.0,143.35,Sell,Tullett Prebon
551,2021-10-04T12:31:27.979Z,Update,1.0,143.35,Sell,ICAP
552,2021-10-04T12:31:31.216Z,Update,1.0,143.35,Sell,GFI
553,2021-10-04T12:31:32Z,Insert,1.0,144.00,Sell,EEX
554,2021-10-04T12:32:28Z,Insert,1.0,143.35,Sell,EEX
555,2021-10-04T12:32:36Z,Insert,1.0,143.35,Sell,EEX
556,2021-10-04T12:32:36Z,Insert,1.0,143.35,Sell,EEX
557,2021-10-04T12:32:37.453Z,Update,2.0,143.35,Sell,GFI
558,2021-10-04T12:32:44Z,Insert,1.0,143.35,Sell,EEX
559,2021-10-04T12:33:00Z,Update,2.0,143.35,Sell,GFI
560,2021-10-04T12:33:22Z,Insert,1.0,143.50,Sell,EEX
561,2021-10-04T12:33:28Z,Insert,2.0,143.50,Sell,EEX
562,2021-10-04T12:33:28Z,Update,2.0,143.50,Sell,Tullett Prebon
563,2021-10-04T12:34:17Z,Insert,1.0,143.50,Sell,EEX
564,2021-10-04T12:35:32Z,Insert,1.0,143.50,Sell,EEX
565,2021-10-04T12:35:36Z,Insert,1.0,143.50,Sell,EEX
566,2021-10-04T12:35:37Z,Insert,1.0,143.50,Sell,EEX
567,2021-10-04T12:35:40Z,Insert,1.0,143.50,Sell,EEX
568,2021-10-04T12:35:55.369Z,Update,1.0,143.50,Sell,ICAP
569,2021-10-04T12:35:56Z,Insert,2.0,143.50,Sell,EEX
570,2021-10-04T12:36:00Z,Update,5.0,143.50,Sell,GFI
571,2021-10-04T12:36:04Z,Insert,1.0,143.50,Sell,EEX
572,2021-10-04T12:36:07Z,Insert,1.0,143.50,Sell,EEX
573,2021-10-04T12:36:28Z,Insert,1.0,143.50,Sell,EEX
574,2021-10-04T12:36:36Z,Insert,1.0,143.50,Sell,EEX
575,2021-10-04T12:38:00Z,Update,1.0,143.02,Sell,GFI
576,2021-10-04T12:38:25.881Z,Update,1.0,143.25,Sell,Tradition
577,2021-10-04T12:38:28.756Z,Update,1.0,143.25,Sell,Tradition
578,2021-10-04T12:38:29Z,Insert,1.0,143.02,Sell,EEX
579,2021-10-04T12:38:29Z,Insert,1.0,143.05,Sell,EEX
580,2021-10-04T12:39:42.854Z,Update,1.0,143.00,Sell,GFI
581,2021-10-04T12:39:45.737Z,Update,1.0,143.00,Sell,ICAP
582,2021-10-04T12:39:46Z,Insert,1.0,142.60,Sell,EEX
583,2021-10-04T12:41:00Z,Update,1.0,142.80,Sell,GFI
584,2021-10-04T12:41:08.439Z,Update,1.0,142.80,Sell,GFI
585,2021-10-04T12:42:48Z,Insert,1.0,143.00,Sell,EEX
586,2021-10-04T12:44:13Z,Insert,1.0,143.50,Sell,EEX
587,2021-10-04T12:45:43Z,Insert,2.0,143.50,Sell,EEX
588,2021-10-04T12:45:50Z,Insert,1.0,143.50,Sell,EEX
589,2021-10-04T12:45:50Z,Insert,1.0,143.50,Sell,EEX
590,2021-10-04T12:55:51Z,Insert,5.0,144.00,Buy,Tullett Prebon
591,2021-10-04T12:56:03Z,Insert,1.0,144.00,Sell,EEX
592,2021-10-04T12:58:29.718Z,Insert,5.0,144.25,Buy,ICAP
593,2021-10-04T12:59:45.326Z,Update,1.0,144.25,Sell,Tradition
594,2021-10-04T13:00:06Z,Insert,1.0,144.45,Sell,EEX
595,2021-10-04T13:00:10Z,Insert,2.0,144.50,Sell,EEX
596,2021-10-04T13:00:11Z,Insert,1.0,144.50,Sell,EEX
597,2021-10-04T13:00:13Z,Insert,1.0,144.50,Sell,EEX
598,2021-10-04T13:00:16Z,Insert,1.0,144.50,Sell,EEX
599,2021-10-04T13:00:16Z,Insert,1.0,144.50,Sell,EEX
600,2021-10-04T13:00:39.185Z,Update,1.0,144.65,Sell,Tradition
601,2021-10-04T13:00:53Z,Insert,1.0,144.60,Sell,ICAP
602,2021-10-04T13:00:53Z,Insert,1.0,144.60,Sell,ICAP
603,2021-10-04T13:02:42Z,Insert,1.0,144.60,Sell,EEX
604,2021-10-04T13:03:21.737Z,Update,2.0,144.50,Sell,Marex Spectron
605,2021-10-04T13:03:27.067Z,Update,2.0,144.50,Sell,Marex Spectron
606,2021-10-04T13:03:28.151Z,Update,1.0,144.50,Sell,Marex Spectron
607,2021-10-04T13:03:49Z,Update,2.0,144.50,Sell,Tullett Prebon
608,2021-10-04T13:04:37Z,Insert,2.0,144.50,Sell,EEX
609,2021-10-04T13:05:42Z,Insert,1.0,144.50,Sell,EEX
610,2021-10-04T13:08:51Z,Insert,1.0,144.00,Sell,EEX
611,2021-10-04T13:10:00Z,Update,30.0,143.85,Sell,Tullett Prebon
612,2021-10-04T13:10:00Z,Insert,30.0,143.85,Sell,Tullett Prebon
613,2021-10-04T13:10:25.354Z,Update,1.0,143.70,Sell,Tradition
614,2021-10-04T13:11:12.932Z,Update,1.0,143.90,Sell,Tradition
615,2021-10-04T13:12:02Z,Update,1.0,143.70,Sell,Tradition
616,2021-10-04T13:12:02Z,Insert,1.0,143.70,Sell,Tradition
617,2021-10-04T13:16:25.545Z,Update,1.0,143.50,Sell,Griffin Markets Europe SAS
618,2021-10-04T13:16:27.992Z,Update,1.0,143.50,Sell,Tradition
619,2021-10-04T13:16:49Z,Insert,1.0,143.45,Sell,EEX
620,2021-10-04T13:21:06Z,Insert,1.0,143.50,Sell,EEX
621,2021-10-04T13:24:09.543Z,Update,2.0,143.60,Sell,GFI
622,2021-10-04T13:24:40Z,Insert,4.0,143.75,Sell,EEX
623,2021-10-04T13:25:00Z,Update,6.0,143.60,Sell,GFI
624,2021-10-04T13:25:01.036Z,Update,2.0,143.60,Sell,GFI
625,2021-10-04T13:25:16Z,Insert,1.0,143.60,Sell,EEX
626,2021-10-04T13:26:06.935Z,Update,2.0,143.60,Sell,GFI
627,2021-10-04T13:28:54Z,Insert,1.0,143.75,Sell,EEX
628,2021-10-04T13:29:30Z,Insert,2.0,143.90,Sell,EEX
629,2021-10-04T13:30:21Z,Insert,1.0,143.90,Sell,EEX
630,2021-10-04T13:36:51.195Z,Insert,1.0,144.00,Sell,Marex Spectron
631,2021-10-04T13:40:25Z,Insert,5.0,144.00,Sell,Tullett Prebon
632,2021-10-04T13:40:25Z,Insert,5.0,144.00,Buy,Tullett Prebon
633,2021-10-04T13:43:36.146Z,Update,1.0,144.00,Buy,ICAP
634,2021-10-04T13:45:08Z,Insert,1.0,144.10,Sell,EEX
635,2021-10-04T13:45:52Z,Insert,1.0,144.10,Sell,EEX
636,2021-10-04T13:45:52Z,Insert,1.0,144.10,Sell,EEX
637,2021-10-04T13:45:54Z,Insert,1.0,144.10,Sell,EEX
638,2021-10-04T13:45:55Z,Insert,1.0,144.10,Sell,EEX
639,2021-10-04T13:45:57Z,Insert,1.0,144.10,Sell,EEX
640,2021-10-04T13:45:58Z,Insert,1.0,144.10,Sell,EEX
641,2021-10-04T13:46:46Z,Insert,1.0,144.25,Sell,EEX
642,2021-10-04T13:46:50Z,Insert,1.0,144.25,Sell,EEX
643,2021-10-04T13:46:53Z,Insert,1.0,144.25,Sell,EEX
644,2021-10-04T13:46:55Z,Insert,1.0,144.25,Sell,EEX
645,2021-10-04T13:46:56Z,Insert,1.0,144.25,Sell,EEX
646,2021-10-04T13:47:26.039Z,Update,2.0,144.25,Buy,Griffin Markets Europe SAS
647,2021-10-04T13:48:11.404Z,Insert,6.0,144.25,Sell,Tullett Prebon
648,2021-10-04T13:48:11.404Z,Update,6.0,144.25,Sell,Tullett Prebon
649,2021-10-04T13:48:59Z,Insert,1.0,144.15,Sell,EEX
650,2021-10-04T13:50:00Z,Insert,5.0,158.60,Sell,Tullett Prebon
651,2021-10-04T13:50:00Z,Insert,5.0,158.60,Sell,Tullett Prebon
652,2021-10-04T13:51:49.867Z,Update,1.0,144.30,Buy,ICAP
653,2021-10-04T13:51:52.68Z,Update,2.0,144.30,Buy,ICAP
654,2021-10-04T13:53:31Z,Insert,1.0,144.25,Sell,EEX
655,2021-10-04T13:53:31Z,Insert,1.0,144.25,Sell,EEX
656,2021-10-04T13:53:34Z,Insert,1.0,144.25,Sell,EEX
657,2021-10-04T13:53:46Z,Insert,1.0,144.25,Sell,EEX
658,2021-10-04T13:53:49.306Z,Update,1.0,144.25,Buy,Marex Spectron
659,2021-10-04T13:53:57.379Z,Update,2.0,144.30,Buy,ICAP
660,2021-10-04T13:53:59Z,Insert,2.0,144.30,Sell,EEX
661,2021-10-04T13:55:00Z,Update,10.0,144.60,Sell,Tullett Prebon
662,2021-10-04T13:55:00Z,Insert,5.0,144.60,Buy,Tullett Prebon
663,2021-10-04T13:55:00Z,Insert,5.0,144.60,Buy,Tullett Prebon
664,2021-10-04T13:55:00Z,Insert,5.0,144.60,Buy,Tullett Prebon
665,2021-10-04T13:55:00Z,Insert,5.0,144.60,Buy,Tullett Prebon
666,2021-10-04T13:55:36Z,Insert,1.0,144.50,Sell,ICAP
667,2021-10-04T13:55:36Z,Insert,1.0,144.50,Sell,ICAP
668,2021-10-04T13:55:44Z,Insert,2.0,144.50,Sell,EEX
669,2021-10-04T13:55:48Z,Insert,2.0,144.50,Sell,EEX
670,2021-10-04T13:55:53.822Z,Update,1.0,144.50,Buy,GFI
671,2021-10-04T13:56:58Z,Insert,1.0,144.50,Sell,EEX
672,2021-10-04T13:57:04Z,Insert,1.0,144.55,Sell,EEX
673,2021-10-04T13:57:19Z,Insert,1.0,144.60,Sell,EEX
674,2021-10-04T13:57:34.082Z,Update,1.0,144.60,Sell,ICAP
675,2021-10-04T13:57:40Z,Insert,1.0,144.65,Sell,EEX
676,2021-10-04T13:58:03Z,Insert,1.0,144.60,Sell,EEX
677,2021-10-04T13:59:23Z,Insert,1.0,144.70,Sell,EEX
678,2021-10-04T13:59:42Z,Insert,1.0,144.75,Sell,EEX
679,2021-10-04T14:00:00Z,Insert,5.0,145.00,Sell,Tullett Prebon
680,2021-10-04T14:00:00Z,Update,5.0,145.00,Sell,Tullett Prebon
681,2021-10-04T14:00:00Z,Insert,5.0,145.00,Sell,Tullett Prebon
682,2021-10-04T14:03:31Z,Insert,2.0,145.00,Sell,EEX
683,2021-10-04T14:03:33Z,Insert,3.0,145.00,Sell,EEX
684,2021-10-04T14:03:40Z,Insert,2.0,145.00,Sell,EEX
685,2021-10-04T14:04:10Z,Insert,3.0,145.00,Sell,EEX
686,2021-10-04T14:05:43Z,Insert,1.0,145.25,Sell,EEX
687,2021-10-04T14:05:46Z,Insert,1.0,145.25,Sell,EEX
688,2021-10-04T14:05:57.547Z,Insert,5.0,145.00,Sell,Tullett Prebon
689,2021-10-04T14:05:57.547Z,Update,5.0,145.00,Buy,Tullett Prebon
690,2021-10-04T14:06:33.034Z,Update,1.0,145.25,Buy,ICAP
691,2021-10-04T14:08:45.245Z,Update,1.0,145.20,Sell,ICAP
692,2021-10-04T14:10:02.645Z,Update,1.0,145.15,Sell,Tradition
693,2021-10-04T14:10:47Z,Insert,5.0,145.00,Sell,EEX
694,2021-10-04T14:10:51Z,Insert,1.0,145.00,Sell,EEX
695,2021-10-04T14:11:09.973Z,Update,2.0,145.10,Buy,Tradition
696,2021-10-04T14:11:42.353Z,Update,1.0,145.00,Sell,ICAP
697,2021-10-04T14:13:04.917Z,Insert,2.0,145.00,Buy,Marex Spectron
698,2021-10-04T14:13:04.917Z,Insert,2.0,145.00,Buy,Marex Spectron
699,2021-10-04T14:13:15Z,Insert,1.0,145.15,Sell,EEX
700,2021-10-04T14:16:30.174Z,Update,1.0,145.45,Sell,Tradition
701,2021-10-04T14:16:34.772Z,Update,1.0,145.50,Buy,Marex Spectron
702,2021-10-04T14:20:58Z,Insert,1.0,145.00,Sell,EEX
703,2021-10-04T14:21:05Z,Insert,1.0,144.90,Sell,EEX
704,2021-10-04T14:21:07Z,Insert,2.0,144.90,Sell,EEX
705,2021-10-04T14:21:12Z,Insert,1.0,144.75,Sell,EEX
706,2021-10-04T14:21:17Z,Insert,1.0,144.65,Sell,EEX
707,2021-10-04T14:21:20Z,Insert,1.0,144.65,Sell,EEX
708,2021-10-04T14:21:20Z,Insert,5.0,144.75,Sell,EEX
709,2021-10-04T14:21:25Z,Insert,1.0,144.60,Sell,EEX
710,2021-10-04T14:21:27Z,Insert,1.0,144.80,Sell,EEX
711,2021-10-04T14:21:31Z,Insert,1.0,144.75,Sell,EEX
712,2021-10-04T14:21:35Z,Insert,1.0,144.50,Sell,EEX
713,2021-10-04T14:21:37Z,Insert,1.0,144.30,Sell,EEX
714,2021-10-04T14:21:39.86Z,Update,1.0,144.00,Sell,Tradition
715,2021-10-04T14:21:39Z,Insert,1.0,144.30,Sell,EEX
716,2021-10-04T14:22:02Z,Insert,1.0,144.30,Sell,EEX
717,2021-10-04T14:22:19Z,Insert,1.0,144.75,Sell,EEX
718,2021-10-04T14:22:55Z,Insert,1.0,144.75,Sell,EEX
719,2021-10-04T14:22:59.911Z,Update,1.0,144.75,Sell,Marex Spectron
720,2021-10-04T14:23:00Z,Insert,1.0,144.50,Sell,EEX
721,2021-10-04T14:23:07.998Z,Update,1.0,144.75,Sell,Marex Spectron
722,2021-10-04T14:23:09.023Z,Update,1.0,144.75,Sell,Marex Spectron
723,2021-10-04T14:23:09.391Z,Update,1.0,144.75,Sell,Marex Spectron
724,2021-10-04T14:23:09Z,Insert,1.0,144.75,Sell,EEX
725,2021-10-04T14:23:11Z,Insert,1.0,144.80,Sell,EEX
726,2021-10-04T14:23:12.4Z,Update,1.0,144.75,Sell,Marex Spectron
727,2021-10-04T14:23:12Z,Insert,1.0,144.70,Sell,EEX
728,2021-10-04T14:23:14.817Z,Update,1.0,144.75,Sell,Marex Spectron
729,2021-10-04T14:23:15Z,Insert,1.0,145.00,Sell,EEX
730,2021-10-04T14:23:16.734Z,Update,1.0,144.75,Sell,Marex Spectron
731,2021-10-04T14:23:17.367Z,Update,1.0,144.75,Sell,Marex Spectron
732,2021-10-04T14:23:23.051Z,Update,1.0,144.50,Sell,Tullett Prebon
733,2021-10-04T14:23:25Z,Insert,1.0,144.50,Sell,EEX
734,2021-10-04T14:24:25.394Z,Update,1.0,144.55,Sell,Tullett Prebon
735,2021-10-04T14:24:28Z,Insert,1.0,144.55,Sell,EEX
736,2021-10-04T14:24:35.578Z,Update,1.0,144.55,Sell,Tullett Prebon
737,2021-10-04T14:24:39Z,Insert,1.0,144.10,Sell,EEX
738,2021-10-04T14:24:40Z,Insert,1.0,144.15,Sell,EEX
739,2021-10-04T14:24:43.14Z,Update,1.0,144.55,Sell,Tradition
740,2021-10-04T14:24:43Z,Insert,1.0,144.15,Sell,EEX
741,2021-10-04T14:24:47Z,Insert,1.0,144.15,Sell,EEX
742,2021-10-04T14:24:47Z,Insert,1.0,144.15,Sell,EEX
743,2021-10-04T14:24:48Z,Insert,1.0,144.05,Sell,EEX
744,2021-10-04T14:24:51Z,Insert,1.0,144.05,Sell,EEX
745,2021-10-04T14:24:54Z,Insert,1.0,144.08,Sell,EEX
746,2021-10-04T14:24:55Z,Insert,1.0,144.01,Sell,EEX
747,2021-10-04T14:25:00Z,Insert,1.0,144.01,Sell,EEX
748,2021-10-04T14:25:01.859Z,Update,1.0,144.15,Sell,Tradition
749,2021-10-04T14:25:01Z,Insert,1.0,144.02,Sell,EEX
750,2021-10-04T14:25:02Z,Insert,1.0,144.01,Sell,EEX
751,2021-10-04T14:25:05Z,Insert,1.0,144.01,Sell,EEX
752,2021-10-04T14:25:06Z,Insert,1.0,143.75,Sell,EEX
753,2021-10-04T14:25:09.515Z,Update,1.0,144.15,Sell,Tradition
754,2021-10-04T14:25:09Z,Insert,1.0,144.01,Sell,EEX
755,2021-10-04T14:25:09Z,Insert,1.0,143.75,Sell,EEX
756,2021-10-04T14:25:11Z,Insert,2.0,144.15,Sell,EEX
757,2021-10-04T14:25:12.062Z,Update,1.0,144.15,Sell,Tradition
758,2021-10-04T14:25:45Z,Insert,1.0,144.10,Sell,EEX
759,2021-10-04T14:25:49.342Z,Update,5.0,144.00,Sell,Tullett Prebon
760,2021-10-04T14:25:49.342Z,Update,5.0,144.00,Buy,Tullett Prebon
761,2021-10-04T14:25:52Z,Insert,5.0,144.00,Sell,EEX
762,2021-10-04T14:27:26Z,Insert,1.0,144.05,Buy,Tullett Prebon
763,2021-10-04T14:27:26Z,Insert,1.0,144.05,Buy,Tullett Prebon
764,2021-10-04T14:27:29Z,Insert,1.0,144.05,Buy,Tullett Prebon
765,2021-10-04T14:27:29Z,Insert,1.0,144.05,Buy,Tullett Prebon
766,2021-10-04T14:27:31.004Z,Update,2.0,144.00,Sell,Tullett Prebon
767,2021-10-04T14:27:34.01Z,Update,5.0,144.00,Sell,Tullett Prebon
768,2021-10-04T14:27:36.833Z,Update,2.0,144.00,Sell,Tullett Prebon
769,2021-10-04T14:27:38.264Z,Update,3.0,144.00,Sell,Tullett Prebon
770,2021-10-04T14:27:39.479Z,Update,2.0,144.00,Sell,Tullett Prebon
771,2021-10-04T14:27:41.958Z,Update,1.0,144.00,Sell,Tullett Prebon
772,2021-10-04T14:27:44.095Z,Update,2.0,144.00,Sell,Tullett Prebon
773,2021-10-04T14:27:46.967Z,Update,2.0,144.00,Sell,ICAP
774,2021-10-04T14:27:52Z,Insert,1.0,143.75,Sell,EEX
775,2021-10-04T14:28:06Z,Insert,1.0,143.70,Sell,EEX
776,2021-10-04T14:28:57.4Z,Update,4.0,143.75,Buy,Griffin Markets Europe SAS
777,2021-10-04T14:30:34.667Z,Update,5.0,144.000,Sell,Griffin Markets Europe SAS
778,2021-10-04T14:30:37Z,Insert,1.0,144.00,Sell,EEX
779,2021-10-04T14:31:22Z,Insert,1.0,144.00,Buy,Tullett Prebon
780,2021-10-04T14:31:22Z,Insert,1.0,144.00,Buy,Tullett Prebon
781,2021-10-04T14:31:27.095Z,Update,2.0,144.00,Buy,Griffin Markets Europe SAS
782,2021-10-04T14:39:44Z,Insert,3.0,144.00,Sell,EEX
783,2021-10-04T14:39:47.024Z,Update,3.0,144.00,Sell,Tullett Prebon
784,2021-10-04T14:39:49Z,Insert,1.0,144.00,Sell,EEX
785,2021-10-04T14:39:50.333Z,Update,3.0,144.00,Sell,Tullett Prebon
786,2021-10-04T14:40:02.244Z,Update,1.0,143.80,Sell,GFI
787,2021-10-04T14:40:26.806Z,Update,1.0,143.75,Sell,Tradition
788,2021-10-04T14:40:29.625Z,Update,2.0,143.55,Sell,Griffin Markets Europe SAS
789,2021-10-04T14:40:40.231Z,Update,2.0,143.55,Sell,Griffin Markets Europe SAS
790,2021-10-04T14:40:53.27Z,Update,1.0,143.55,Sell,Griffin Markets Europe SAS
791,2021-10-04T14:40:54.478Z,Update,1.0,143.50,Sell,Tradition
792,2021-10-04T14:41:05Z,Insert,1.0,143.50,Sell,EEX
793,2021-10-04T14:41:08Z,Insert,1.0,143.50,Sell,EEX
794,2021-10-04T14:41:10.634Z,Update,1.0,143.50,Sell,Tradition
795,2021-10-04T14:41:15.603Z,Update,1.0,143.40,Sell,Tradition
796,2021-10-04T14:41:17.165Z,Update,1.0,143.40,Sell,Tradition
797,2021-10-04T14:41:38.558Z,Update,1.0,143.20,Sell,Tradition
798,2021-10-04T14:42:31Z,Insert,1.0,143.00,Sell,EEX
799,2021-10-04T14:42:32.767Z,Update,1.0,143.00,Sell,Griffin Markets Europe SAS
800,2021-10-04T14:42:32.837Z,Update,1.0,143.00,Sell,Tradition
801,2021-10-04T14:42:36Z,Insert,2.0,143.00,Sell,EEX
802,2021-10-04T14:42:37.659Z,Update,2.0,143.00,Sell,GFI
803,2021-10-04T14:42:42Z,Insert,1.0,142.69,Sell,EEX
804,2021-10-04T14:42:47Z,Insert,1.0,142.75,Sell,EEX
805,2021-10-04T14:43:00Z,Update,5.0,143.00,Sell,GFI
806,2021-10-04T14:43:01.278Z,Update,2.0,143.00,Sell,GFI
807,2021-10-04T14:43:19.568Z,Update,1.0,143.00,Sell,GFI
808,2021-10-04T14:43:23.189Z,Update,1.0,143.00,Sell,Griffin Markets Europe SAS
809,2021-10-04T14:43:23.432Z,Update,1.0,142.60,Sell,ICAP
810,2021-10-04T14:43:29Z,Insert,1.0,142.60,Sell,EEX
811,2021-10-04T14:43:32.18Z,Update,1.0,142.60,Sell,Tradition
812,2021-10-04T14:43:33Z,Insert,1.0,142.60,Sell,EEX
813,2021-10-04T14:43:38.836Z,Update,1.0,142.55,Sell,Tradition
814,2021-10-04T14:43:40Z,Insert,1.0,142.55,Sell,EEX
815,2021-10-04T14:43:40Z,Insert,1.0,142.55,Sell,EEX
816,2021-10-04T14:43:40Z,Insert,1.0,142.60,Sell,EEX
817,2021-10-04T14:43:42Z,Insert,1.0,142.55,Sell,EEX
818,2021-10-04T14:43:42Z,Insert,1.0,142.55,Sell,EEX
819,2021-10-04T14:43:43Z,Insert,1.0,142.55,Sell,EEX
820,2021-10-04T14:43:46Z,Insert,1.0,142.55,Sell,EEX
821,2021-10-04T14:43:52Z,Insert,1.0,142.55,Sell,EEX
822,2021-10-04T14:43:53Z,Insert,1.0,142.55,Sell,EEX
823,2021-10-04T14:43:55Z,Insert,1.0,142.50,Sell,EEX
824,2021-10-04T14:43:57.288Z,Update,1.0,142.50,Sell,Tullett Prebon
825,2021-10-04T14:44:00.733Z,Update,1.0,142.50,Sell,Griffin Markets Europe SAS
826,2021-10-04T14:44:00Z,Insert,1.0,142.00,Sell,EEX
827,2021-10-04T14:44:02Z,Insert,1.0,142.00,Sell,EEX
828,2021-10-04T14:45:22Z,Insert,2.0,142.50,Sell,EEX
829,2021-10-04T14:45:58Z,Insert,1.0,142.30,Sell,EEX
830,2021-10-04T14:46:02.258Z,Update,1.0,142.30,Sell,Tradition
831,2021-10-04T14:46:05.075Z,Update,1.0,142.10,Sell,ICAP
832,2021-10-04T14:46:23Z,Insert,1.0,141.80,Sell,EEX
833,2021-10-04T14:46:58.742Z,Update,1.0,141.60,Sell,Tradition
834,2021-10-04T14:47:18Z,Insert,1.0,141.00,Sell,EEX
835,2021-10-04T14:47:42.023Z,Update,2.0,140.00,Buy,Tradition
836,2021-10-04T14:48:06.462Z,Insert,5.0,140.00,Buy,ICAP
837,2021-10-04T14:48:06.462Z,Insert,5.0,140.00,Buy,ICAP
838,2021-10-04T14:48:19.447Z,Insert,1.0,140.50,Buy,Marex Spectron
839,2021-10-04T14:48:19.447Z,Update,1.0,140.50,Sell,Marex Spectron
840,2021-10-04T14:48:19.447Z,Insert,1.0,140.50,Buy,Marex Spectron
841,2021-10-04T14:48:44Z,Insert,1.0,139.50,Sell,EEX
842,2021-10-04T14:48:51Z,Insert,1.0,139.25,Sell,EEX
843,2021-10-04T14:50:00Z,Update,16.0,140.00,Sell,GFI
844,2021-10-04T14:50:09.996Z,Update,1.0,140.00,Sell,Arraco Global Markets
845,2021-10-04T14:51:04.614Z,Update,2.0,140.00,Sell,GFI
846,2021-10-04T14:51:30.724Z,Update,1.0,139.50,Sell,Tradition
847,2021-10-04T14:51:31.241Z,Update,1.0,140.00,Sell,GFI
848,2021-10-04T14:51:35.084Z,Update,1.0,139.50,Sell,Tradition
849,2021-10-04T14:51:35Z,Insert,1.0,139.50,Buy,EEX
850,2021-10-04T14:51:40.99Z,Update,1.0,139.50,Sell,Tradition
851,2021-10-04T14:51:44Z,Insert,2.0,140.00,Sell,EEX
852,2021-10-04T14:51:49.064Z,Update,2.0,140.00,Buy,Griffin Markets Europe SAS
853,2021-10-04T14:51:50.49Z,Update,3.0,140.00,Buy,GFI
854,2021-10-04T14:51:50.505Z,Update,1.0,140.00,Buy,Griffin Markets Europe SAS
855,2021-10-04T14:52:00Z,Insert,1.0,140.00,Sell,EEX
856,2021-10-04T14:52:14Z,Insert,1.0,140.00,Sell,EEX
857,2021-10-04T14:52:24Z,Insert,1.0,140.00,Sell,EEX
858,2021-10-04T14:52:39Z,Insert,1.0,139.50,Sell,EEX
859,2021-10-04T14:52:46Z,Insert,1.0,140.50,Sell,EEX
860,2021-10-04T14:52:49Z,Insert,1.0,140.00,Sell,EEX
861,2021-10-04T14:52:56Z,Insert,1.0,140.50,Sell,EEX
862,2021-10-04T14:53:00Z,Insert,1.0,140.50,Sell,EEX
863,2021-10-04T14:53:03Z,Insert,1.0,140.00,Sell,EEX
864,2021-10-04T14:53:55Z,Insert,1.0,140.50,Sell,EEX
865,2021-10-04T14:54:57Z,Insert,2.0,140.00,Sell,EEX
866,2021-10-04T14:55:01.382Z,Update,1.0,140.00,Sell,Griffin Markets Europe SAS
867,2021-10-04T14:55:03.451Z,Update,1.0,140.00,Sell,GFI
868,2021-10-04T14:57:33Z,Insert,1.0,140.50,Sell,EEX
869,2021-10-04T14:57:36Z,Insert,1.0,141.50,Sell,EEX
870,2021-10-04T15:02:32Z,Insert,2.0,141.50,Sell,EEX
871,2021-10-04T15:07:27.196Z,Update,1.0,141.750,Sell,Griffin Markets Europe SAS
872,2021-10-04T15:07:32.315Z,Update,2.0,141.750,Sell,Griffin Markets Europe SAS
873,2021-10-04T15:07:35.68Z,Update,9.0,141.750,Sell,Griffin Markets Europe SAS
874,2021-10-04T15:07:38.088Z,Update,3.0,141.750,Sell,Griffin Markets Europe SAS
875,2021-10-04T15:08:28Z,Insert,1.0,142.00,Sell,EEX
876,2021-10-04T15:08:31Z,Insert,1.0,142.02,Sell,EEX
877,2021-10-04T15:09:52.286Z,Update,1.0,141.75,Sell,GFI
878,2021-10-04T15:10:29.701Z,Update,1.0,141.75,Sell,Griffin Markets Europe SAS
879,2021-10-04T15:10:32.394Z,Update,1.0,141.50,Sell,ICAP
880,2021-10-04T15:11:23Z,Insert,1.0,142.00,Sell,EEX
881,2021-10-04T15:12:45Z,Insert,1.0,141.50,Sell,EEX
882,2021-10-04T15:12:50.947Z,Update,1.0,141.50,Sell,ICAP
883,2021-10-04T15:14:42Z,Insert,1.0,141.40,Sell,EEX
884,2021-10-04T15:15:22Z,Insert,1.0,141.00,Sell,EEX
885,2021-10-04T15:18:12.219Z,Update,1.0,140.60,Sell,GFI
886,2021-10-04T15:18:15.012Z,Update,1.0,140.60,Sell,GFI
887,2021-10-04T15:18:16.154Z,Update,1.0,140.60,Sell,GFI
888,2021-10-04T15:18:17.975Z,Update,1.0,140.60,Sell,GFI
889,2021-10-04T15:18:19.392Z,Update,1.0,140.60,Sell,GFI
890,2021-10-04T15:18:24.862Z,Update,2.0,140.50,Sell,GFI
891,2021-10-04T15:19:00Z,Update,5.0,140.50,Sell,GFI
892,2021-10-04T15:20:00Z,Update,2.0,140.50,Sell,GFI
893,2021-10-04T15:20:15.705Z,Update,1.0,140.35,Sell,ICAP
894,2021-10-04T15:21:38Z,Insert,1.0,140.05,Sell,EEX
895,2021-10-04T15:21:38Z,Insert,3.0,140.00,Sell,EEX
896,2021-10-04T15:21:50Z,Insert,3.0,140.00,Sell,EEX
897,2021-10-04T15:22:00Z,Update,1.0,140.55,Sell,GFI
898,2021-10-04T15:22:29.749Z,Update,2.0,140.00,Sell,GFI
899,2021-10-04T15:22:54.553Z,Update,1.0,140.55,Sell,GFI
900,2021-10-04T15:25:00Z,Update,2.0,140.55,Sell,GFI
901,2021-10-04T15:25:18.209Z,Update,1.0,140.00,Sell,GFI
902,2021-10-04T15:25:33Z,Insert,3.0,140.00,Sell,EEX
903,2021-10-04T15:25:34Z,Insert,1.0,140.00,Sell,EEX
904,2021-10-04T15:25:39.152Z,Update,5.0,140.00,Sell,GFI
905,2021-10-04T15:25:51Z,Insert,1.0,140.00,Sell,EEX
906,2021-10-04T15:28:33Z,Insert,2.0,140.40,Sell,EEX
907,2021-10-04T15:28:42.375Z,Update,1.0,140.00,Sell,ICAP
908,2021-10-04T15:28:48.163Z,Update,5.0,140.00,Sell,GFI
909,2021-10-04T15:29:57.68Z,Update,4.0,140.00,Sell,GFI
910,2021-10-04T15:30:12Z,Insert,1.0,140.00,Sell,EEX
911,2021-10-04T15:30:14.429Z,Update,1.0,140.00,Sell,Tradition
912,2021-10-04T15:30:23Z,Insert,1.0,139.80,Sell,EEX
913,2021-10-04T15:30:27.322Z,Update,3.0,139.50,Sell,ICAP
914,2021-10-04T15:30:32.283Z,Update,1.0,139.50,Buy,GFI
915,2021-10-04T15:30:45Z,Insert,2.0,139.50,Sell,EEX
916,2021-10-04T15:30:47Z,Insert,2.0,139.50,Sell,EEX
917,2021-10-04T15:31:09.862Z,Update,1.0,139.50,Sell,Griffin Markets Europe SAS
918,2021-10-04T15:33:41.037Z,Update,1.0,139.50,Buy,Griffin Markets Europe SAS
919,2021-10-04T15:33:46.07Z,Update,1.0,139.50,Buy,Griffin Markets Europe SAS
920,2021-10-04T15:33:54Z,Insert,2.0,139.50,Sell,EEX
921,2021-10-04T15:33:58.809Z,Update,3.0,139.50,Buy,Griffin Markets Europe SAS
922,2021-10-04T15:34:01Z,Insert,1.0,139.60,Sell,EEX
923,2021-10-04T15:34:06Z,Insert,1.0,139.75,Sell,EEX
924,2021-10-04T15:34:08Z,Insert,4.0,139.75,Sell,EEX
925,2021-10-04T15:35:09.247Z,Update,1.0,139.75,Sell,Tullett Prebon
926,2021-10-04T15:35:12.347Z,Update,1.0,139.75,Sell,Tullett Prebon
927,2021-10-04T15:35:15.516Z,Update,1.0,139.75,Sell,Tullett Prebon
928,2021-10-04T15:35:16.323Z,Update,1.0,139.75,Sell,Tullett Prebon
929,2021-10-04T15:35:23.055Z,Update,1.0,139.75,Sell,Tullett Prebon
930,2021-10-04T15:35:59Z,Insert,1.0,139.75,Sell,EEX
931,2021-10-04T15:36:05Z,Insert,1.0,139.75,Sell,EEX
932,2021-10-04T15:36:07Z,Insert,1.0,139.75,Sell,EEX
933,2021-10-04T15:36:07Z,Insert,1.0,139.75,Sell,EEX
934,2021-10-04T15:36:07Z,Insert,1.0,139.75,Sell,EEX
935,2021-10-04T15:41:01.356Z,Update,1.0,139.60,Sell,ICAP
936,2021-10-04T15:42:06Z,Insert,3.0,139.70,Sell,EEX
937,2021-10-04T15:42:11Z,Insert,2.0,139.75,Sell,EEX
938,2021-10-04T15:42:17Z,Insert,1.0,139.75,Sell,EEX
939,2021-10-04T15:42:19Z,Insert,1.0,139.75,Sell,EEX
940,2021-10-04T15:42:21Z,Insert,2.0,139.75,Sell,EEX
941,2021-10-04T15:42:21Z,Insert,1.0,139.75,Sell,EEX
942,2021-10-04T15:42:35Z,Insert,1.0,139.75,Sell,EEX
943,2021-10-04T15:42:37Z,Insert,1.0,139.75,Sell,EEX
944,2021-10-04T15:42:38Z,Insert,1.0,139.75,Sell,EEX
945,2021-10-04T15:42:45Z,Insert,1.0,139.75,Sell,EEX
946,2021-10-04T15:42:45Z,Insert,2.0,139.75,Sell,EEX
947,2021-10-04T15:42:46Z,Insert,1.0,139.75,Sell,EEX
948,2021-10-04T15:45:10Z,Insert,1.0,139.60,Sell,EEX
949,2021-10-04T15:46:42.635Z,Update,1.0,139.50,Sell,ICAP
950,2021-10-04T15:47:00.55Z,Update,1.0,139.50,Sell,GFI
951,2021-10-04T15:47:04.183Z,Update,4.0,139.50,Sell,GFI
952,2021-10-04T15:47:06.905Z,Update,1.0,139.50,Sell,ICAP
953,2021-10-04T15:47:06Z,Insert,1.0,139.50,Sell,EEX
954,2021-10-04T15:48:00Z,Update,5.0,139.50,Sell,GFI
955,2021-10-04T15:48:38.688Z,Update,1.0,140.00,Buy,Tradition
956,2021-10-04T15:51:16Z,Insert,2.0,140.50,Sell,EEX
957,2021-10-04T15:51:16Z,Insert,2.0,140.50,Sell,EEX
958,2021-10-04T15:51:16Z,Insert,1.0,140.50,Sell,EEX
959,2021-10-04T15:56:40Z,Insert,1.0,140.50,Sell,EEX
960,2021-10-04T15:56:43Z,Insert,4.0,140.50,Sell,EEX
961,2021-10-04T15:59:31.063Z,Update,5.0,140.00,Buy,Tullett Prebon
962,2021-10-04T15:59:44Z,Insert,1.0,140.99,Sell,EEX
963,2021-10-04T15:59:57.325Z,Update,1.0,140.99,Sell,Tradition
964,2021-10-04T16:02:26.529Z,Update,1.0,141.25,Buy,GFI
