,DateTime,Action,Volume,Price,AggressorAction,AggressorBroker
0,2021-10-01T06:26:39Z,Insert,1.0,130.40,Sell,EEX
1,2021-10-01T06:28:56Z,Insert,1.0,131.50,Sell,EEX
2,2021-10-01T06:33:56.257Z,Update,1.0,131.55,Sell,Tradition
3,2021-10-01T06:34:09.287Z,Update,1.0,131.50,Sell,Griffin Markets Europe SAS
4,2021-10-01T06:35:01Z,Insert,1.0,130.65,Sell,EEX
5,2021-10-01T06:35:05.58Z,Insert,1.0,131.00,Sell,Griffin Markets Europe SAS
6,2021-10-01T06:35:07Z,Insert,1.0,131.50,Sell,EEX
7,2021-10-01T06:39:02Z,Insert,1.0,131.50,Sell,EEX
8,2021-10-01T06:41:18.332Z,Update,1.0,130.75,Buy,Tradition
9,2021-10-01T06:42:14Z,Insert,1.0,130.00,Sell,EEX
10,2021-10-01T06:43:11Z,Insert,1.0,130.00,Sell,EEX
11,2021-10-01T06:48:37.33Z,Update,1.0,129.60,Sell,Tradition
12,2021-10-01T06:49:14Z,Insert,1.0,129.20,Sell,EEX
13,2021-10-01T06:49:58Z,Insert,1.0,129.00,Sell,EEX
14,2021-10-01T06:50:40Z,Insert,1.0,128.80,Sell,EEX
15,2021-10-01T06:50:51.349Z,Update,1.0,128.50,Sell,Arraco Global Markets
16,2021-10-01T06:56:37.782Z,Insert,1.0,129.00,Buy,Marex Spectron
17,2021-10-01T06:56:37.782Z,Insert,1.0,129.00,Buy,Marex Spectron
18,2021-10-01T06:57:45Z,Insert,1.0,129.00,Sell,EEX
19,2021-10-01T06:59:52.863Z,Insert,1.0,129.00,Buy,Marex Spectron
20,2021-10-01T06:59:52.863Z,Insert,1.0,129.00,Sell,Marex Spectron
21,2021-10-01T07:02:09Z,Insert,1.0,129.00,Sell,EEX
22,2021-10-01T07:02:09Z,Update,1.0,129.00,Sell,ICAP
23,2021-10-01T07:08:27Z,Insert,1.0,129.50,Sell,EEX
24,2021-10-01T07:09:19.896Z,Update,2.0,130.00,Buy,GFI
25,2021-10-01T07:09:25Z,Update,1.0,129.50,Sell,ICAP
26,2021-10-01T07:09:37Z,Insert,1.0,130.00,Sell,EEX
27,2021-10-01T07:10:10.359Z,Update,1.0,130.00,Sell,GFI
28,2021-10-01T07:10:11.996Z,Update,1.0,130.00,Sell,GFI
29,2021-10-01T07:10:25.024Z,Update,2.0,130.00,Buy,GFI
30,2021-10-01T07:12:37Z,Insert,1.0,130.50,Sell,EEX
31,2021-10-01T07:12:47Z,Insert,1.0,130.50,Sell,EEX
32,2021-10-01T07:13:16Z,Insert,1.0,130.50,Sell,EEX
33,2021-10-01T07:14:29.487Z,Update,1.0,130.00,Sell,GFI
34,2021-10-01T07:14:35.519Z,Update,1.0,130.00,Sell,GFI
35,2021-10-01T07:17:41Z,Insert,1.0,130.00,Sell,EEX
36,2021-10-01T07:20:07Z,Insert,2.0,130.30,Sell,EEX
37,2021-10-01T07:20:52.011Z,Update,2.0,130.50,Buy,GFI
38,2021-10-01T07:21:31Z,Insert,1.0,130.50,Sell,EEX
39,2021-10-01T07:23:01Z,Insert,1.0,131.00,Sell,EEX
40,2021-10-01T07:26:52Z,Insert,1.0,131.00,Sell,EEX
41,2021-10-01T07:26:59Z,Insert,1.0,131.00,Sell,EEX
42,2021-10-01T07:28:52Z,Insert,1.0,130.88,Sell,EEX
43,2021-10-01T07:30:12.395Z,Update,1.0,131.00,Sell,ICAP
44,2021-10-01T07:30:14Z,Insert,1.0,131.00,Sell,EEX
45,2021-10-01T07:30:17Z,Insert,3.0,131.00,Sell,EEX
46,2021-10-01T07:30:35.319Z,Insert,1.0,131.00,Sell,Marex Spectron
47,2021-10-01T07:30:35.319Z,Insert,1.0,131.00,Sell,Marex Spectron
48,2021-10-01T07:33:05.844Z,Update,1.0,131.00,Buy,GFI
49,2021-10-01T07:39:17.409Z,Update,1.0,130.90,Sell,Marex Spectron
50,2021-10-01T07:39:42.077Z,Update,1.0,130.75,Sell,Tradition
51,2021-10-01T07:39:42Z,Update,1.0,130.75,Buy,Tradition
52,2021-10-01T07:39:43Z,Insert,1.0,130.75,Sell,EEX
53,2021-10-01T07:40:04.161Z,Insert,1.0,130.75,Buy,Marex Spectron
54,2021-10-01T07:40:04.161Z,Insert,1.0,130.75,Buy,Marex Spectron
55,2021-10-01T07:40:04.161Z,Insert,1.0,130.75,Sell,Marex Spectron
56,2021-10-01T07:44:45.492Z,Update,1.0,130.75,Sell,Tullett Prebon
57,2021-10-01T07:44:48.256Z,Update,1.0,130.60,Sell,Marex Spectron
58,2021-10-01T07:44:48Z,Insert,1.0,130.60,Sell,EEX
59,2021-10-01T07:44:50.202Z,Update,1.0,130.75,Sell,Tullett Prebon
60,2021-10-01T07:44:50.858Z,Update,1.0,130.60,Sell,Marex Spectron
61,2021-10-01T07:44:51.389Z,Update,1.0,130.60,Sell,Marex Spectron
62,2021-10-01T07:44:53.696Z,Update,1.0,130.75,Sell,Tullett Prebon
63,2021-10-01T07:44:54.182Z,Update,1.0,130.60,Sell,Marex Spectron
64,2021-10-01T07:44:55.691Z,Update,1.0,130.75,Sell,Tullett Prebon
65,2021-10-01T07:44:55Z,Insert,1.0,130.84,Sell,EEX
66,2021-10-01T07:44:57.911Z,Update,1.0,130.75,Sell,Tullett Prebon
67,2021-10-01T07:45:01.031Z,Insert,1.0,130.75,Sell,GFI
68,2021-10-01T07:45:12.251Z,Update,1.0,130.60,Sell,Marex Spectron
69,2021-10-01T07:45:29.462Z,Update,1.0,130.60,Sell,Marex Spectron
70,2021-10-01T07:45:38.341Z,Update,1.0,130.60,Sell,Tradition
71,2021-10-01T07:46:18.772Z,Update,1.0,130.60,Sell,Marex Spectron
72,2021-10-01T07:46:32.114Z,Update,1.0,130.50,Sell,Tullett Prebon
73,2021-10-01T07:46:32.614Z,Update,1.0,130.50,Sell,Tullett Prebon
74,2021-10-01T07:46:34.344Z,Update,10.0,130.30,Sell,Tullett Prebon
75,2021-10-01T07:46:35.557Z,Update,2.0,130.50,Sell,Tullett Prebon
76,2021-10-01T07:46:50Z,Insert,1.0,130.50,Sell,EEX
77,2021-10-01T07:47:18.35Z,Update,1.0,130.50,Sell,Tullett Prebon
78,2021-10-01T07:48:15.824Z,Update,1.0,130.25,Sell,Tradition
79,2021-10-01T07:48:20Z,Insert,1.0,130.15,Sell,EEX
80,2021-10-01T07:48:22Z,Insert,1.0,130.15,Sell,EEX
81,2021-10-01T07:48:26.354Z,Update,1.0,130.50,Sell,Tullett Prebon
82,2021-10-01T07:48:44Z,Insert,2.0,130.00,Sell,EEX
83,2021-10-01T07:49:46.342Z,Update,1.0,130.00,Sell,Tullett Prebon
84,2021-10-01T07:49:50.023Z,Update,1.0,130.00,Sell,Tullett Prebon
85,2021-10-01T07:51:09.145Z,Update,1.0,130.00,Sell,Tullett Prebon
86,2021-10-01T07:51:09Z,Insert,1.0,130.05,Sell,EEX
87,2021-10-01T07:51:14.81Z,Update,1.0,130.00,Sell,Tullett Prebon
88,2021-10-01T07:51:20.098Z,Update,1.0,130.00,Sell,Tullett Prebon
89,2021-10-01T07:51:20Z,Insert,1.0,130.30,Sell,EEX
90,2021-10-01T07:51:21Z,Insert,1.0,130.00,Sell,EEX
91,2021-10-01T07:51:28.889Z,Update,1.0,130.00,Sell,Marex Spectron
92,2021-10-01T07:51:56Z,Insert,1.0,130.00,Sell,EEX
93,2021-10-01T07:52:52Z,Insert,4.0,130.30,Sell,EEX
94,2021-10-01T07:54:49Z,Insert,1.0,130.30,Sell,EEX
95,2021-10-01T07:55:17.953Z,Update,1.0,130.40,Buy,GFI
96,2021-10-01T07:56:08.491Z,Insert,10.0,130.30,Sell,Tullett Prebon
97,2021-10-01T07:57:41Z,Insert,1.0,130.50,Sell,EEX
98,2021-10-01T07:57:45.163Z,Update,1.0,130.500,Buy,Griffin Markets Europe SAS
99,2021-10-01T07:57:45.163Z,Insert,1.0,130.50,Sell,Griffin Markets Europe SAS
100,2021-10-01T07:59:48.68Z,Update,1.0,130.50,Sell,Tradition
101,2021-10-01T08:00:16Z,Insert,5.0,130.50,Sell,EEX
102,2021-10-01T08:01:20Z,Insert,5.0,130.50,Sell,EEX
103,2021-10-01T08:03:03.777Z,Update,1.0,130.35,Sell,Tullett Prebon
104,2021-10-01T08:03:03.819Z,Update,1.0,130.35,Sell,Tradition
105,2021-10-01T08:03:07.772Z,Update,1.0,130.30,Sell,Tradition
106,2021-10-01T08:04:06Z,Update,1.0,130.10,Buy,Tullett Prebon
107,2021-10-01T08:04:06Z,Update,1.0,130.10,Sell,Tullett Prebon
108,2021-10-01T08:04:36Z,Insert,1.0,130.00,Sell,EEX
109,2021-10-01T08:04:37Z,Insert,1.0,130.00,Sell,EEX
110,2021-10-01T08:04:40Z,Insert,1.0,130.00,Sell,EEX
111,2021-10-01T08:04:51Z,Insert,1.0,130.00,Sell,EEX
112,2021-10-01T08:05:00Z,Insert,1.0,130.20,Sell,EEX
113,2021-10-01T08:05:23.959Z,Update,1.0,130.10,Sell,Tradition
114,2021-10-01T08:05:27Z,Insert,1.0,130.00,Sell,EEX
115,2021-10-01T08:06:47.787Z,Update,1.0,130.00,Buy,GFI
116,2021-10-01T08:07:50.777Z,Update,1.0,130.00,Buy,GFI
117,2021-10-01T08:07:54.051Z,Insert,1.0,130.00,Buy,GFI
118,2021-10-01T08:07:54.051Z,Insert,1.0,130.00,Buy,GFI
119,2021-10-01T08:07:54.051Z,Update,1.0,130.00,Sell,GFI
120,2021-10-01T08:07:54.051Z,Update,1.0,130.01,Buy,GFI
121,2021-10-01T08:08:06.103Z,Update,1.0,130.00,Sell,GFI
122,2021-10-01T08:09:01Z,Insert,1.0,130.00,Sell,EEX
123,2021-10-01T08:10:43.235Z,Insert,1.0,130.00,Buy,Marex Spectron
124,2021-10-01T08:10:43.235Z,Insert,1.0,130.00,Buy,Marex Spectron
125,2021-10-01T08:11:14.19Z,Update,1.0,130.00,Sell,Marex Spectron
126,2021-10-01T08:11:14Z,Update,1.0,130.00,Sell,Marex Spectron
127,2021-10-01T08:11:19Z,Insert,1.0,130.00,Sell,EEX
128,2021-10-01T08:11:55.87Z,Insert,1.0,129.90,Buy,Marex Spectron
129,2021-10-01T08:11:55Z,Insert,1.0,129.90,Buy,Marex Spectron
130,2021-10-01T08:11:55Z,Update,1.0,129.90,Buy,Marex Spectron
131,2021-10-01T08:12:10.337Z,Update,1.0,129.90,Sell,Marex Spectron
132,2021-10-01T08:12:58.812Z,Update,1.0,130.00,Sell,Tullett Prebon
133,2021-10-01T08:14:10Z,Insert,3.0,130.00,Sell,EEX
134,2021-10-01T08:14:13Z,Insert,1.0,130.00,Sell,EEX
135,2021-10-01T08:14:15Z,Insert,1.0,130.00,Sell,EEX
136,2021-10-01T08:14:42.391Z,Insert,1.0,130.00,Buy,Marex Spectron
137,2021-10-01T08:15:00Z,Update,2.0,130.20,Buy,Marex Spectron
138,2021-10-01T08:15:01.782Z,Update,1.0,130.00,Buy,Marex Spectron
139,2021-10-01T08:15:34.695Z,Insert,2.0,130.20,Buy,Marex Spectron
140,2021-10-01T08:15:34.695Z,Insert,2.0,130.20,Buy,Marex Spectron
141,2021-10-01T08:18:30Z,Insert,1.0,130.00,Sell,EEX
142,2021-10-01T08:18:58.622Z,Update,1.0,130.250,Sell,Griffin Markets Europe SAS
143,2021-10-01T08:19:04Z,Insert,1.0,130.30,Sell,EEX
144,2021-10-01T08:19:57.532Z,Update,1.0,130.50,Buy,ICAP
145,2021-10-01T08:19:58Z,Insert,1.0,130.50,Sell,EEX
146,2021-10-01T08:20:01.39Z,Insert,1.0,130.50,Buy,Marex Spectron
147,2021-10-01T08:21:36Z,Insert,1.0,130.50,Sell,EEX
148,2021-10-01T08:24:01Z,Insert,1.0,130.50,Sell,EEX
149,2021-10-01T08:25:23Z,Insert,1.0,130.50,Sell,EEX
150,2021-10-01T08:28:40Z,Insert,1.0,130.55,Sell,EEX
151,2021-10-01T08:29:23Z,Insert,1.0,130.74,Sell,EEX
152,2021-10-01T08:29:23Z,Insert,1.0,130.75,Sell,EEX
153,2021-10-01T08:29:38Z,Insert,2.0,130.75,Sell,EEX
154,2021-10-01T08:29:48Z,Insert,1.0,130.65,Sell,EEX
155,2021-10-01T08:30:08Z,Insert,1.0,131.00,Sell,EEX
156,2021-10-01T08:30:15Z,Insert,1.0,131.00,Sell,EEX
157,2021-10-01T08:35:54.971Z,Update,1.0,130.95,Buy,ICAP
158,2021-10-01T08:36:01.739Z,Update,1.0,131.000,Buy,Griffin Markets Europe SAS
159,2021-10-01T08:36:03.276Z,Update,2.0,131.00,Buy,Tradition
160,2021-10-01T08:40:04Z,Insert,1.0,131.05,Sell,EEX
161,2021-10-01T08:40:11Z,Insert,2.0,131.05,Sell,EEX
162,2021-10-01T08:41:16Z,Insert,1.0,131.00,Sell,EEX
163,2021-10-01T08:41:28.297Z,Update,1.0,131.00,Sell,Tullett Prebon
164,2021-10-01T08:47:35.841Z,Update,1.0,131.00,Sell,Tullett Prebon
165,2021-10-01T08:47:37.384Z,Update,1.0,131.00,Sell,Tullett Prebon
166,2021-10-01T08:47:40.676Z,Update,1.0,131.00,Sell,Tullett Prebon
167,2021-10-01T08:49:39Z,Insert,5.0,131.25,Sell,EEX
168,2021-10-01T08:49:43Z,Insert,2.0,131.30,Sell,EEX
169,2021-10-01T08:49:49Z,Insert,2.0,131.30,Sell,EEX
170,2021-10-01T08:52:51.13Z,Update,1.0,131.50,Sell,Tradition
171,2021-10-01T08:55:22.535Z,Update,1.0,131.50,Sell,Tradition
172,2021-10-01T08:55:47.285Z,Update,1.0,131.50,Buy,GFI
173,2021-10-01T08:56:03.659Z,Update,1.0,131.60,Buy,GFI
174,2021-10-01T08:57:03Z,Insert,1.0,131.30,Sell,EEX
175,2021-10-01T08:57:12Z,Insert,1.0,131.40,Sell,EEX
176,2021-10-01T08:58:57Z,Insert,1.0,131.50,Sell,EEX
177,2021-10-01T09:01:07Z,Insert,1.0,131.40,Sell,EEX
178,2021-10-01T09:01:09Z,Insert,1.0,131.40,Sell,EEX
179,2021-10-01T09:01:09Z,Insert,1.0,131.40,Sell,EEX
180,2021-10-01T09:03:57Z,Insert,1.0,131.40,Sell,EEX
181,2021-10-01T09:04:09Z,Insert,1.0,131.45,Sell,EEX
182,2021-10-01T09:05:25Z,Insert,1.0,131.35,Sell,EEX
183,2021-10-01T09:05:30Z,Insert,1.0,131.35,Sell,EEX
184,2021-10-01T09:05:38.883Z,Insert,1.0,131.35,Sell,Griffin Markets Europe SAS
185,2021-10-01T09:05:38.883Z,Insert,1.0,131.35,Sell,Griffin Markets Europe SAS
186,2021-10-01T09:06:00.076Z,Update,1.0,131.30,Sell,Arraco Global Markets
187,2021-10-01T09:06:00Z,Update,1.0,131.40,Sell,Marex Spectron
188,2021-10-01T09:06:07.874Z,Update,1.0,131.30,Sell,Arraco Global Markets
189,2021-10-01T09:06:08.282Z,Update,1.0,131.30,Sell,Arraco Global Markets
190,2021-10-01T09:06:22Z,Insert,2.0,131.30,Sell,EEX
191,2021-10-01T09:06:26Z,Insert,3.0,131.30,Sell,EEX
192,2021-10-01T09:06:50Z,Insert,1.0,131.30,Sell,EEX
193,2021-10-01T09:07:44Z,Insert,1.0,131.40,Buy,Marex Spectron
194,2021-10-01T09:07:44Z,Insert,1.0,131.40,Buy,Marex Spectron
195,2021-10-01T09:08:39Z,Insert,1.0,131.70,Sell,EEX
196,2021-10-01T09:08:46Z,Insert,1.0,131.75,Sell,EEX
197,2021-10-01T09:11:01Z,Insert,1.0,131.90,Sell,EEX
198,2021-10-01T09:11:08Z,Insert,2.0,132.00,Sell,EEX
199,2021-10-01T09:11:10.58Z,Update,1.0,132.00,Sell,ICAP
200,2021-10-01T09:11:14Z,Insert,1.0,132.00,Buy,ICAP
201,2021-10-01T09:11:14Z,Insert,1.0,132.00,Buy,ICAP
202,2021-10-01T09:12:01.868Z,Update,3.0,132.00,Buy,GFI
203,2021-10-01T09:12:07.842Z,Update,1.0,132.00,Buy,Tradition
204,2021-10-01T09:12:57Z,Insert,2.0,132.10,Sell,EEX
205,2021-10-01T09:12:59Z,Insert,1.0,132.10,Sell,EEX
206,2021-10-01T09:14:26Z,Insert,1.0,132.45,Sell,EEX
207,2021-10-01T09:14:33Z,Insert,1.0,132.50,Sell,EEX
208,2021-10-01T09:14:34Z,Insert,2.0,132.50,Sell,EEX
209,2021-10-01T09:14:35Z,Insert,1.0,132.50,Sell,EEX
210,2021-10-01T09:14:37Z,Insert,1.0,132.50,Sell,EEX
211,2021-10-01T09:14:47.397Z,Update,1.0,132.40,Sell,Marex Spectron
212,2021-10-01T09:14:50Z,Insert,1.0,132.50,Sell,EEX
213,2021-10-01T09:14:58Z,Insert,3.0,132.50,Sell,EEX
214,2021-10-01T09:14:59.3Z,Update,1.0,132.50,Buy,Tradition
215,2021-10-01T09:15:00Z,Insert,2.0,131.35,Sell,Marex Spectron
216,2021-10-01T09:16:00Z,Update,2.0,131.35,Buy,Marex Spectron
217,2021-10-01T09:21:35Z,Insert,3.0,132.50,Sell,EEX
218,2021-10-01T09:21:38.381Z,Update,1.0,132.15,Sell,GFI
219,2021-10-01T09:22:24.333Z,Update,1.0,132.15,Sell,GFI
220,2021-10-01T09:22:31.771Z,Update,1.0,132.15,Sell,GFI
221,2021-10-01T09:31:48Z,Insert,2.0,132.50,Sell,EEX
222,2021-10-01T09:31:56.64Z,Update,1.0,132.50,Buy,GFI
223,2021-10-01T09:36:19.105Z,Update,2.0,132.50,Buy,GFI
224,2021-10-01T09:36:19.141Z,Update,3.0,132.50,Buy,Arraco Global Markets
225,2021-10-01T09:36:22.282Z,Update,1.0,132.50,Buy,Tullett Prebon
226,2021-10-01T09:38:05.372Z,Update,1.0,132.50,Buy,Marex Spectron
227,2021-10-01T09:40:24.079Z,Update,1.0,132.50,Sell,Marex Spectron
228,2021-10-01T09:42:40.564Z,Update,1.0,132.50,Buy,Marex Spectron
229,2021-10-01T09:42:40.564Z,Update,3.0,132.50,Buy,Marex Spectron
230,2021-10-01T09:42:40.565Z,Update,1.0,132.50,Sell,Marex Spectron
231,2021-10-01T09:45:33Z,Insert,1.0,132.70,Sell,EEX
232,2021-10-01T09:45:47.809Z,Update,1.0,132.75,Sell,Marex Spectron
233,2021-10-01T09:46:14Z,Insert,1.0,132.80,Sell,EEX
234,2021-10-01T09:48:31.044Z,Update,1.0,132.80,Sell,Marex Spectron
235,2021-10-01T09:48:58.841Z,Update,1.0,132.80,Sell,Marex Spectron
236,2021-10-01T09:49:07Z,Insert,1.0,132.65,Sell,EEX
237,2021-10-01T09:51:13Z,Insert,1.0,132.80,Sell,EEX
238,2021-10-01T09:55:16.166Z,Update,1.0,133.00,Buy,ICAP
239,2021-10-01T09:56:10.499Z,Update,1.0,133.20,Sell,Tullett Prebon
240,2021-10-01T09:57:14.426Z,Insert,1.0,133.50,Buy,Marex Spectron
241,2021-10-01T09:57:14.426Z,Insert,1.0,133.50,Buy,Marex Spectron
242,2021-10-01T09:57:25.012Z,Update,1.0,133.50,Sell,ICAP
243,2021-10-01T09:59:05.738Z,Update,2.0,133.50,Sell,Tradition
244,2021-10-01T09:59:10.935Z,Update,1.0,133.50,Sell,ICAP
245,2021-10-01T09:59:39Z,Insert,1.0,133.50,Sell,EEX
246,2021-10-01T10:00:12.114Z,Update,5.0,133.50,Sell,Tullett Prebon
247,2021-10-01T10:00:25Z,Insert,1.0,133.40,Sell,EEX
248,2021-10-01T10:00:50.802Z,Update,5.0,133.50,Sell,Tullett Prebon
249,2021-10-01T10:00:50.853Z,Insert,5.0,133.40,Buy,Griffin Markets Europe SAS
250,2021-10-01T10:00:50.853Z,Insert,5.0,133.40,Buy,Griffin Markets Europe SAS
251,2021-10-01T10:03:54.939Z,Update,1.0,133.50,Buy,Tullett Prebon
252,2021-10-01T10:03:58.014Z,Update,1.0,133.50,Buy,Tullett Prebon
253,2021-10-01T10:04:06.144Z,Update,1.0,133.50,Buy,Marex Spectron
254,2021-10-01T10:04:41Z,Insert,1.0,133.40,Sell,EEX
255,2021-10-01T10:04:59Z,Insert,1.0,133.50,Sell,EEX
256,2021-10-01T10:05:38Z,Insert,1.0,133.50,Sell,EEX
257,2021-10-01T10:05:40.145Z,Update,1.0,133.53,Sell,Marex Spectron
258,2021-10-01T10:05:42Z,Insert,1.0,133.53,Sell,EEX
259,2021-10-01T10:05:47Z,Insert,1.0,133.63,Sell,EEX
260,2021-10-01T10:05:58.923Z,Update,1.0,133.70,Sell,Tradition
261,2021-10-01T10:06:28Z,Insert,1.0,133.70,Sell,EEX
262,2021-10-01T10:07:26Z,Insert,1.0,133.75,Sell,EEX
263,2021-10-01T10:07:27Z,Insert,1.0,133.75,Sell,EEX
264,2021-10-01T10:07:29Z,Insert,1.0,133.75,Sell,EEX
265,2021-10-01T10:07:35Z,Insert,1.0,133.75,Sell,EEX
266,2021-10-01T10:07:41Z,Insert,1.0,133.75,Sell,EEX
267,2021-10-01T10:11:39Z,Insert,1.0,133.50,Sell,EEX
268,2021-10-01T10:14:03Z,Insert,1.0,133.20,Sell,EEX
269,2021-10-01T10:14:06Z,Insert,1.0,133.15,Sell,EEX
270,2021-10-01T10:14:07Z,Insert,1.0,133.00,Sell,EEX
271,2021-10-01T10:15:10Z,Insert,1.0,133.15,Sell,EEX
272,2021-10-01T10:15:19Z,Insert,1.0,133.20,Sell,EEX
273,2021-10-01T10:15:24Z,Insert,1.0,133.20,Sell,EEX
274,2021-10-01T10:15:26Z,Insert,1.0,133.20,Sell,EEX
275,2021-10-01T10:15:38.169Z,Update,5.0,133.20,Buy,Tullett Prebon
276,2021-10-01T10:15:46.795Z,Update,1.0,132.85,Sell,Tradition
277,2021-10-01T10:18:30.139Z,Update,5.0,133.00,Sell,Tullett Prebon
278,2021-10-01T10:18:30Z,Insert,1.0,132.70,Sell,EEX
279,2021-10-01T10:18:32Z,Insert,1.0,132.60,Sell,EEX
280,2021-10-01T10:18:38.442Z,Update,1.0,132.60,Buy,Marex Spectron
281,2021-10-01T10:22:44Z,Insert,5.0,133.50,Buy,ICAP
282,2021-10-01T10:22:50Z,Insert,1.0,133.20,Sell,EEX
283,2021-10-01T10:23:51Z,Insert,2.0,133.50,Sell,EEX
284,2021-10-01T10:25:43.982Z,Update,5.0,133.40,Sell,Tullett Prebon
285,2021-10-01T10:30:43Z,Insert,1.0,133.05,Sell,EEX
286,2021-10-01T10:33:30.086Z,Update,5.0,133.25,Sell,Tullett Prebon
287,2021-10-01T10:35:43Z,Insert,1.0,133.30,Sell,EEX
288,2021-10-01T10:35:49.031Z,Update,5.0,133.05,Buy,Tullett Prebon
289,2021-10-01T10:35:49.538Z,Update,2.0,133.25,Sell,GFI
290,2021-10-01T10:35:49.697Z,Update,1.0,133.25,Sell,GFI
291,2021-10-01T10:35:49Z,Insert,1.0,133.05,Sell,EEX
292,2021-10-01T10:36:01Z,Insert,1.0,132.90,Sell,EEX
293,2021-10-01T10:39:18Z,Insert,1.0,133.00,Sell,EEX
294,2021-10-01T10:39:31Z,Insert,2.0,133.00,Sell,EEX
295,2021-10-01T10:42:46.873Z,Update,4.0,133.05,Buy,Tullett Prebon
296,2021-10-01T10:42:46.873Z,Update,1.0,133.05,Sell,Tullett Prebon
297,2021-10-01T10:43:10Z,Insert,1.0,133.20,Sell,EEX
298,2021-10-01T10:46:06.839Z,Update,2.0,133.35,Sell,Marex Spectron
299,2021-10-01T10:46:11Z,Insert,1.0,133.35,Sell,EEX
300,2021-10-01T10:46:13Z,Insert,1.0,133.35,Sell,EEX
301,2021-10-01T10:46:15Z,Insert,1.0,133.35,Sell,EEX
302,2021-10-01T10:47:54Z,Insert,2.0,133.50,Sell,EEX
303,2021-10-01T10:49:48.996Z,Update,1.0,133.50,Sell,Arraco Global Markets
304,2021-10-01T10:49:49Z,Insert,1.0,133.50,Sell,EEX
305,2021-10-01T10:49:51Z,Insert,1.0,133.50,Sell,EEX
306,2021-10-01T10:52:34.074Z,Update,4.0,133.70,Buy,Tullett Prebon
307,2021-10-01T10:52:37.987Z,Update,4.0,133.70,Buy,Tullett Prebon
308,2021-10-01T10:53:47Z,Insert,2.0,134.00,Sell,EEX
309,2021-10-01T10:53:47Z,Insert,1.0,134.00,Sell,EEX
310,2021-10-01T10:53:49Z,Insert,1.0,134.00,Sell,EEX
311,2021-10-01T10:53:49Z,Insert,1.0,134.00,Sell,EEX
312,2021-10-01T10:58:07.983Z,Update,1.0,133.85,Sell,Tradition
313,2021-10-01T10:58:14.342Z,Update,2.0,133.90,Sell,Tradition
314,2021-10-01T10:58:14Z,Insert,1.0,133.95,Buy,EEX
315,2021-10-01T11:00:41Z,Insert,1.0,134.20,Sell,EEX
316,2021-10-01T11:11:37.815Z,Update,1.0,134.40,Sell,Tullett Prebon
317,2021-10-01T11:12:59.947Z,Update,2.0,134.50,Sell,Tradition
318,2021-10-01T11:13:21.243Z,Update,2.0,134.50,Sell,Tradition
319,2021-10-01T11:14:42Z,Update,1.0,134.50,Sell,GFI
320,2021-10-01T11:17:31.712Z,Insert,2.0,134.45,Sell,GFI
321,2021-10-01T11:17:31.712Z,Insert,2.0,134.45,Sell,GFI
322,2021-10-01T11:20:39.355Z,Update,5.0,134.50,Buy,ICAP
323,2021-10-01T11:21:51.193Z,Insert,1.0,134.30,Sell,GFI
324,2021-10-01T11:21:51.193Z,Insert,1.0,134.30,Sell,GFI
325,2021-10-01T11:22:41Z,Insert,1.0,134.25,Sell,EEX
326,2021-10-01T11:22:57Z,Insert,1.0,134.30,Sell,EEX
327,2021-10-01T11:23:00Z,Insert,1.0,134.30,Sell,EEX
328,2021-10-01T11:23:08Z,Insert,2.0,134.30,Sell,EEX
329,2021-10-01T11:23:35Z,Insert,1.0,134.20,Sell,EEX
330,2021-10-01T11:24:48.807Z,Update,2.0,134.15,Sell,Tullett Prebon
331,2021-10-01T11:25:18.853Z,Insert,5.0,134.20,Buy,Tullett Prebon
332,2021-10-01T11:25:18.853Z,Update,5.0,134.21,Sell,Tullett Prebon
333,2021-10-01T11:25:18.853Z,Insert,5.0,134.20,Buy,Tullett Prebon
334,2021-10-01T11:25:21.645Z,Update,1.0,134.25,Sell,Tradition
335,2021-10-01T11:32:58Z,Insert,3.0,134.40,Sell,EEX
336,2021-10-01T11:33:19.58Z,Update,2.0,134.50,Buy,Tradition
337,2021-10-01T11:33:21.637Z,Update,1.0,134.50,Sell,Marex Spectron
338,2021-10-01T11:33:23.692Z,Update,1.0,134.50,Sell,Marex Spectron
339,2021-10-01T11:33:23.802Z,Update,1.0,134.50,Sell,Marex Spectron
340,2021-10-01T11:33:23.933Z,Update,1.0,134.50,Sell,Marex Spectron
341,2021-10-01T11:33:26Z,Insert,1.0,134.50,Sell,EEX
342,2021-10-01T11:33:30Z,Insert,1.0,134.50,Sell,EEX
343,2021-10-01T11:33:33Z,Insert,1.0,134.50,Sell,EEX
344,2021-10-01T11:33:37Z,Insert,1.0,134.50,Sell,EEX
345,2021-10-01T11:33:37Z,Insert,1.0,134.50,Sell,EEX
346,2021-10-01T11:33:37Z,Insert,1.0,134.50,Sell,EEX
347,2021-10-01T11:33:38Z,Insert,1.0,134.41,Sell,EEX
348,2021-10-01T11:33:38Z,Insert,1.0,134.40,Sell,EEX
349,2021-10-01T11:33:39Z,Insert,1.0,134.40,Sell,EEX
350,2021-10-01T11:34:16.75Z,Update,1.0,134.50,Sell,GFI
351,2021-10-01T11:34:54Z,Insert,1.0,134.65,Sell,EEX
352,2021-10-01T11:35:06Z,Insert,2.0,134.75,Sell,EEX
353,2021-10-01T11:35:10Z,Insert,1.0,134.75,Sell,EEX
354,2021-10-01T11:37:54Z,Insert,2.0,135.00,Sell,EEX
355,2021-10-01T11:38:50.545Z,Update,1.0,134.75,Buy,GFI
356,2021-10-01T11:40:39.491Z,Update,2.0,134.80,Sell,Tullett Prebon
357,2021-10-01T11:41:21.575Z,Update,1.0,135.00,Buy,Marex Spectron
358,2021-10-01T11:43:53.574Z,Update,1.0,135.00,Sell,ICAP
359,2021-10-01T11:44:08.428Z,Update,1.0,134.98,Buy,Tullett Prebon
360,2021-10-01T11:44:28.232Z,Update,1.0,135.10,Buy,Marex Spectron
361,2021-10-01T11:47:32.545Z,Update,1.0,135.00,Sell,Tullett Prebon
362,2021-10-01T11:47:32Z,Insert,2.0,135.00,Sell,EEX
363,2021-10-01T11:51:59.605Z,Update,1.0,135.00,Sell,Tradition
364,2021-10-01T11:55:16Z,Insert,1.0,134.65,Sell,EEX
365,2021-10-01T11:55:16Z,Insert,1.0,134.65,Sell,EEX
366,2021-10-01T11:55:31Z,Insert,1.0,134.60,Sell,EEX
367,2021-10-01T11:55:42.994Z,Update,1.0,134.55,Sell,Tradition
368,2021-10-01T11:56:09Z,Update,8.0,134.40,Sell,Tullett Prebon
369,2021-10-01T11:56:09Z,Insert,8.0,134.40,Sell,EEX
370,2021-10-01T11:57:02.697Z,Update,1.0,134.50,Sell,Tradition
371,2021-10-01T11:57:12.94Z,Update,2.0,134.30,Sell,Tullett Prebon
372,2021-10-01T11:57:23Z,Insert,1.0,134.30,Sell,EEX
373,2021-10-01T11:57:26Z,Insert,1.0,134.30,Sell,EEX
374,2021-10-01T11:57:41Z,Insert,2.0,134.30,Sell,EEX
375,2021-10-01T11:57:41Z,Insert,1.0,134.30,Sell,EEX
376,2021-10-01T12:00:52.224Z,Update,1.0,134.30,Sell,Tullett Prebon
377,2021-10-01T12:03:46Z,Insert,8.0,134.10,Sell,EEX
378,2021-10-01T12:06:15.998Z,Update,2.0,134.30,Buy,GFI
379,2021-10-01T12:07:58.465Z,Update,1.0,134.25,Sell,Tullett Prebon
380,2021-10-01T12:08:10.365Z,Update,1.0,134.25,Sell,Tradition
381,2021-10-01T12:08:23.166Z,Update,2.0,134.30,Buy,GFI
382,2021-10-01T12:09:12.337Z,Update,4.0,134.25,Buy,Griffin Markets Europe SAS
383,2021-10-01T12:09:53.324Z,Update,1.0,134.25,Sell,Tullett Prebon
384,2021-10-01T12:11:08Z,Insert,1.0,134.10,Sell,EEX
385,2021-10-01T12:13:00Z,Update,3.0,134.30,Sell,GFI
386,2021-10-01T12:13:34Z,Insert,1.0,134.30,Sell,EEX
387,2021-10-01T12:13:49Z,Insert,1.0,134.10,Sell,EEX
388,2021-10-01T12:13:52.488Z,Insert,1.0,134.10,Sell,Marex Spectron
389,2021-10-01T12:13:56.006Z,Update,1.0,134.00,Sell,Tullett Prebon
390,2021-10-01T12:13:56Z,Insert,1.0,133.80,Sell,EEX
391,2021-10-01T12:14:49Z,Insert,1.0,133.85,Sell,EEX
392,2021-10-01T12:20:00Z,Update,1.0,133.75,Sell,GFI
393,2021-10-01T12:20:53.028Z,Update,2.0,133.95,Sell,Griffin Markets Europe SAS
394,2021-10-01T12:20:53Z,Insert,1.0,133.75,Sell,EEX
395,2021-10-01T12:20:53Z,Insert,1.0,133.85,Sell,EEX
396,2021-10-01T12:20:54Z,Insert,1.0,133.70,Sell,EEX
397,2021-10-01T12:22:32.554Z,Update,1.0,133.85,Sell,Tullett Prebon
398,2021-10-01T12:24:17.989Z,Insert,1.0,133.89,Sell,GFI
399,2021-10-01T12:24:17.989Z,Insert,1.0,133.89,Sell,GFI
400,2021-10-01T12:25:59.031Z,Update,1.0,133.85,Sell,Tullett Prebon
401,2021-10-01T12:25:59.864Z,Update,1.0,133.70,Buy,Marex Spectron
402,2021-10-01T12:26:00Z,Update,1.0,134.05,Sell,GFI
403,2021-10-01T12:26:01.696Z,Update,1.0,134.05,Buy,GFI
404,2021-10-01T12:26:01.731Z,Update,1.0,133.85,Buy,ICAP
405,2021-10-01T12:27:10Z,Insert,1.0,133.70,Sell,EEX
406,2021-10-01T12:27:12Z,Insert,1.0,133.70,Sell,EEX
407,2021-10-01T12:27:27Z,Insert,1.0,133.50,Sell,EEX
408,2021-10-01T12:27:28Z,Insert,1.0,133.50,Sell,EEX
409,2021-10-01T12:28:14.706Z,Update,1.0,133.60,Buy,GFI
410,2021-10-01T12:29:00Z,Update,1.0,133.60,Sell,GFI
411,2021-10-01T12:30:47Z,Insert,1.0,133.45,Sell,EEX
412,2021-10-01T12:30:47Z,Insert,1.0,133.45,Sell,EEX
413,2021-10-01T12:30:55Z,Insert,1.0,133.40,Sell,EEX
414,2021-10-01T12:31:00Z,Update,1.0,133.40,Sell,GFI
415,2021-10-01T12:31:12.257Z,Insert,2.0,133.35,Sell,Griffin Markets Europe SAS
416,2021-10-01T12:31:12.257Z,Insert,2.0,133.35,Sell,Griffin Markets Europe SAS
417,2021-10-01T12:32:17.435Z,Insert,1.0,133.25,Sell,Marex Spectron
418,2021-10-01T12:32:35.57Z,Insert,2.0,133.00,Sell,Griffin Markets Europe SAS
419,2021-10-01T12:32:35.57Z,Update,2.0,133.000,Sell,Griffin Markets Europe SAS
420,2021-10-01T12:34:00Z,Update,2.0,133.00,Sell,GFI
421,2021-10-01T12:34:16.157Z,Update,1.0,133.00,Sell,GFI
422,2021-10-01T12:35:00Z,Insert,1.0,133.10,Sell,EEX
423,2021-10-01T12:35:10.634Z,Update,1.0,133.00,Sell,Tullett Prebon
424,2021-10-01T12:35:18Z,Insert,1.0,133.10,Sell,EEX
425,2021-10-01T12:35:28.987Z,Update,1.0,133.00,Buy,GFI
426,2021-10-01T12:35:40.147Z,Update,1.0,133.000,Sell,Griffin Markets Europe SAS
427,2021-10-01T12:36:33.812Z,Update,1.0,132.75,Sell,Tullett Prebon
428,2021-10-01T12:36:39Z,Insert,1.0,132.50,Sell,EEX
429,2021-10-01T12:36:59Z,Insert,1.0,132.21,Sell,EEX
430,2021-10-01T12:37:00Z,Update,4.0,132.55,Sell,GFI
431,2021-10-01T12:37:11Z,Insert,1.0,132.55,Sell,EEX
432,2021-10-01T12:37:18.125Z,Update,1.0,132.35,Sell,Griffin Markets Europe SAS
433,2021-10-01T12:37:19.346Z,Update,1.0,132.10,Buy,Marex Spectron
434,2021-10-01T12:37:41.543Z,Insert,1.0,132.10,Buy,Griffin Markets Europe SAS
435,2021-10-01T12:37:41.543Z,Insert,1.0,132.10,Buy,Griffin Markets Europe SAS
436,2021-10-01T12:37:41.543Z,Insert,1.0,132.10,Buy,Griffin Markets Europe SAS
437,2021-10-01T12:37:41.543Z,Insert,1.0,132.10,Buy,Griffin Markets Europe SAS
438,2021-10-01T12:37:41.543Z,Insert,1.0,132.10,Buy,Griffin Markets Europe SAS
439,2021-10-01T12:37:42Z,Insert,1.0,132.05,Sell,EEX
440,2021-10-01T12:37:44.103Z,Update,3.0,132.40,Sell,Tullett Prebon
441,2021-10-01T12:37:54.97Z,Update,1.0,132.00,Buy,Marex Spectron
442,2021-10-01T12:37:55.822Z,Update,1.0,132.00,Sell,ICAP
443,2021-10-01T12:37:59.354Z,Update,1.0,132.00,Buy,Tradition
444,2021-10-01T12:37:59.823Z,Update,2.0,132.00,Sell,ICAP
445,2021-10-01T12:38:15Z,Update,1.0,132.00,Buy,ICAP
446,2021-10-01T12:39:05Z,Insert,2.0,132.15,Sell,EEX
447,2021-10-01T12:40:59Z,Insert,1.0,132.50,Sell,EEX
448,2021-10-01T12:41:35Z,Insert,1.0,132.60,Sell,EEX
449,2021-10-01T12:41:40Z,Insert,2.0,132.60,Sell,EEX
450,2021-10-01T12:44:03.656Z,Update,1.0,132.65,Buy,Marex Spectron
451,2021-10-01T12:46:38.053Z,Insert,1.0,132.55,Sell,GFI
452,2021-10-01T12:46:38.053Z,Insert,1.0,132.55,Sell,GFI
453,2021-10-01T12:46:47.789Z,Update,1.0,132.55,Buy,GFI
454,2021-10-01T12:46:51.353Z,Update,1.0,132.55,Sell,GFI
455,2021-10-01T12:48:01.862Z,Update,1.0,132.55,Sell,GFI
456,2021-10-01T12:49:25Z,Insert,2.0,133.00,Sell,EEX
457,2021-10-01T12:49:35.215Z,Update,2.0,133.000,Sell,Griffin Markets Europe SAS
458,2021-10-01T12:50:43.778Z,Update,1.0,133.00,Sell,Marex Spectron
459,2021-10-01T12:53:29.818Z,Update,1.0,133.00,Sell,GFI
460,2021-10-01T12:53:30.717Z,Update,1.0,133.00,Buy,GFI
461,2021-10-01T12:53:34.01Z,Update,1.0,133.00,Buy,GFI
462,2021-10-01T12:53:36.787Z,Update,1.0,133.00,Sell,GFI
463,2021-10-01T12:53:39.755Z,Update,1.0,133.00,Buy,GFI
464,2021-10-01T12:53:42.936Z,Update,1.0,133.00,Buy,GFI
465,2021-10-01T12:54:01.532Z,Update,1.0,133.10,Sell,Marex Spectron
466,2021-10-01T12:54:02.084Z,Update,1.0,133.00,Buy,GFI
467,2021-10-01T12:54:30.754Z,Insert,1.0,133.25,Sell,GFI
468,2021-10-01T12:56:30Z,Insert,1.0,133.24,Sell,EEX
469,2021-10-01T13:01:07Z,Insert,3.0,133.25,Sell,EEX
470,2021-10-01T13:02:04.138Z,Update,2.0,133.25,Sell,ICAP
471,2021-10-01T13:02:10.598Z,Insert,1.0,133.25,Sell,GFI
472,2021-10-01T13:05:44Z,Insert,1.0,133.25,Sell,EEX
473,2021-10-01T13:06:00Z,Update,2.0,133.25,Sell,GFI
474,2021-10-01T13:06:12.708Z,Update,2.0,133.25,Sell,GFI
475,2021-10-01T13:09:12Z,Insert,1.0,133.00,Sell,EEX
476,2021-10-01T13:09:12Z,Insert,1.0,133.00,Sell,EEX
477,2021-10-01T13:09:21Z,Insert,1.0,132.95,Sell,EEX
478,2021-10-01T13:10:00Z,Update,5.0,133.05,Sell,GFI
479,2021-10-01T13:10:37.706Z,Update,1.0,133.05,Sell,GFI
480,2021-10-01T13:10:37Z,Insert,1.0,132.85,Sell,EEX
481,2021-10-01T13:10:38Z,Insert,1.0,132.80,Sell,EEX
482,2021-10-01T13:10:48Z,Insert,1.0,132.70,Sell,EEX
483,2021-10-01T13:10:55Z,Insert,1.0,132.70,Sell,EEX
484,2021-10-01T13:11:00Z,Update,5.0,132.65,Sell,GFI
485,2021-10-01T13:12:04.063Z,Update,4.0,133.05,Sell,GFI
486,2021-10-01T13:12:35Z,Insert,1.0,132.50,Sell,EEX
487,2021-10-01T13:12:35Z,Insert,1.0,132.50,Sell,EEX
488,2021-10-01T13:12:39.862Z,Update,1.0,132.50,Sell,ICAP
489,2021-10-01T13:12:55Z,Insert,2.0,132.50,Sell,EEX
490,2021-10-01T13:12:56.858Z,Update,1.0,132.50,Sell,ICAP
491,2021-10-01T13:12:59Z,Insert,2.0,132.50,Sell,EEX
492,2021-10-01T13:13:10Z,Insert,1.0,132.36,Sell,EEX
493,2021-10-01T13:13:30.72Z,Update,3.0,132.65,Sell,GFI
494,2021-10-01T13:13:34.926Z,Update,1.0,132.65,Buy,GFI
495,2021-10-01T13:13:45.883Z,Update,1.0,132.65,Sell,GFI
496,2021-10-01T13:14:24Z,Insert,1.0,132.30,Sell,EEX
497,2021-10-01T13:14:29Z,Insert,1.0,132.10,Sell,EEX
498,2021-10-01T13:14:30Z,Insert,1.0,132.10,Sell,EEX
499,2021-10-01T13:14:36Z,Insert,1.0,131.80,Sell,EEX
500,2021-10-01T13:14:38Z,Insert,1.0,132.10,Sell,EEX
501,2021-10-01T13:14:43Z,Insert,1.0,132.10,Sell,EEX
502,2021-10-01T13:14:48Z,Insert,1.0,132.10,Sell,EEX
503,2021-10-01T13:14:48Z,Insert,1.0,131.91,Sell,EEX
504,2021-10-01T13:14:58Z,Insert,1.0,131.42,Sell,EEX
505,2021-10-01T13:15:06Z,Insert,1.0,131.40,Sell,EEX
506,2021-10-01T13:16:34Z,Insert,1.0,131.69,Sell,EEX
507,2021-10-01T13:17:38.336Z,Update,1.0,132.00,Sell,Marex Spectron
508,2021-10-01T13:17:46.039Z,Update,1.0,131.75,Buy,GFI
509,2021-10-01T13:17:46.26Z,Update,1.0,131.75,Buy,GFI
510,2021-10-01T13:17:53.447Z,Update,1.0,131.75,Buy,GFI
511,2021-10-01T13:18:21.186Z,Update,1.0,132.00,Sell,CIMD
512,2021-10-01T13:18:27Z,Insert,1.0,131.75,Sell,EEX
513,2021-10-01T13:18:41.995Z,Update,1.0,132.000,Buy,Griffin Markets Europe SAS
514,2021-10-01T13:19:23.361Z,Update,2.0,132.000,Sell,Griffin Markets Europe SAS
515,2021-10-01T13:19:50Z,Insert,1.0,131.98,Sell,EEX
516,2021-10-01T13:19:54Z,Insert,4.0,131.98,Sell,EEX
517,2021-10-01T13:22:05.898Z,Update,1.0,131.75,Sell,GFI
518,2021-10-01T13:23:24.463Z,Update,1.0,131.45,Sell,Tradition
519,2021-10-01T13:24:59Z,Insert,1.0,131.45,Sell,EEX
520,2021-10-01T13:25:03Z,Insert,1.0,131.45,Sell,EEX
521,2021-10-01T13:25:08Z,Insert,1.0,131.45,Sell,EEX
522,2021-10-01T13:25:39Z,Insert,1.0,131.45,Sell,EEX
523,2021-10-01T13:31:23Z,Insert,1.0,132.25,Sell,EEX
524,2021-10-01T13:31:30Z,Insert,1.0,132.25,Sell,EEX
525,2021-10-01T13:31:38Z,Insert,2.0,132.25,Sell,EEX
526,2021-10-01T13:31:41Z,Insert,2.0,132.25,Sell,EEX
527,2021-10-01T13:31:44Z,Insert,1.0,132.25,Sell,EEX
528,2021-10-01T13:31:46Z,Insert,1.0,132.25,Sell,EEX
529,2021-10-01T13:31:46Z,Insert,2.0,132.25,Sell,EEX
530,2021-10-01T13:33:07Z,Insert,1.0,132.35,Sell,EEX
531,2021-10-01T13:38:17.358Z,Update,1.0,132.35,Buy,ICAP
532,2021-10-01T13:39:21.254Z,Insert,1.0,132.30,Sell,Tradition
533,2021-10-01T13:40:18.848Z,Update,1.0,132.30,Sell,Tradition
534,2021-10-01T13:40:18.848Z,Update,1.0,132.30,Sell,Tradition
535,2021-10-01T13:43:26.534Z,Update,1.0,132.20,Sell,Tradition
536,2021-10-01T13:44:03.362Z,Update,1.0,132.15,Sell,Tradition
537,2021-10-01T13:44:08Z,Insert,1.0,132.25,Sell,EEX
538,2021-10-01T13:44:23Z,Insert,1.0,132.30,Sell,EEX
539,2021-10-01T13:44:23Z,Update,5.0,132.30,Buy,Arraco Global Markets
540,2021-10-01T13:44:28Z,Insert,1.0,132.35,Sell,EEX
541,2021-10-01T13:45:28Z,Insert,1.0,132.35,Sell,EEX
542,2021-10-01T13:46:51Z,Insert,1.0,132.40,Sell,EEX
543,2021-10-01T13:47:04Z,Update,1.0,132.40,Sell,Tullett Prebon
544,2021-10-01T13:49:11.407Z,Insert,5.0,132.50,Sell,Tradition
545,2021-10-01T13:49:33.048Z,Update,5.0,132.50,Sell,Tradition
546,2021-10-01T13:52:59Z,Insert,1.0,132.70,Sell,EEX
547,2021-10-01T13:53:05.092Z,Insert,1.0,132.90,Sell,GFI
548,2021-10-01T13:53:11Z,Insert,2.0,132.93,Sell,EEX
549,2021-10-01T13:54:31Z,Insert,1.0,132.75,Sell,EEX
550,2021-10-01T13:54:31Z,Insert,1.0,132.75,Sell,EEX
551,2021-10-01T13:54:32Z,Insert,1.0,132.75,Sell,EEX
552,2021-10-01T13:54:32Z,Insert,1.0,132.75,Sell,EEX
553,2021-10-01T13:54:33Z,Insert,1.0,132.75,Sell,EEX
554,2021-10-01T13:56:56Z,Insert,1.0,133.05,Sell,EEX
555,2021-10-01T13:56:56Z,Insert,2.0,133.10,Sell,EEX
556,2021-10-01T13:57:32Z,Insert,1.0,133.15,Sell,EEX
557,2021-10-01T13:57:36Z,Insert,1.0,133.15,Sell,EEX
558,2021-10-01T13:57:44Z,Insert,1.0,133.15,Sell,EEX
559,2021-10-01T13:57:46Z,Insert,1.0,133.15,Sell,EEX
560,2021-10-01T13:57:46Z,Insert,1.0,133.15,Sell,EEX
561,2021-10-01T13:57:47Z,Insert,1.0,133.15,Sell,EEX
562,2021-10-01T13:57:48Z,Insert,1.0,133.15,Sell,EEX
563,2021-10-01T13:57:48Z,Insert,1.0,133.15,Sell,EEX
564,2021-10-01T13:57:49Z,Insert,1.0,133.15,Sell,EEX
565,2021-10-01T13:57:49Z,Insert,1.0,133.15,Sell,EEX
566,2021-10-01T13:57:49Z,Insert,1.0,133.15,Sell,EEX
567,2021-10-01T13:57:50Z,Insert,1.0,133.15,Sell,EEX
568,2021-10-01T13:57:50Z,Insert,1.0,133.15,Sell,EEX
569,2021-10-01T13:57:50Z,Insert,1.0,133.15,Sell,EEX
570,2021-10-01T13:57:51Z,Insert,1.0,133.15,Sell,EEX
571,2021-10-01T13:57:51Z,Insert,1.0,133.15,Sell,EEX
572,2021-10-01T13:57:51Z,Insert,1.0,133.15,Sell,EEX
573,2021-10-01T13:57:51Z,Insert,1.0,133.15,Sell,EEX
574,2021-10-01T13:57:52Z,Insert,1.0,133.15,Sell,EEX
575,2021-10-01T13:57:53Z,Insert,1.0,133.15,Sell,EEX
576,2021-10-01T13:57:53Z,Insert,1.0,133.15,Sell,EEX
577,2021-10-01T13:59:28Z,Insert,1.0,133.15,Sell,EEX
578,2021-10-01T14:01:43Z,Insert,2.0,133.25,Sell,EEX
579,2021-10-01T14:04:48.159Z,Update,1.0,133.25,Sell,GFI
580,2021-10-01T14:05:58.565Z,Update,1.0,133.25,Buy,ICAP
581,2021-10-01T14:11:57.784Z,Update,2.0,133.40,Sell,Tullett Prebon
582,2021-10-01T14:12:49.431Z,Update,1.0,133.40,Sell,Tullett Prebon
583,2021-10-01T14:13:54.233Z,Update,1.0,133.40,Sell,Tullett Prebon
584,2021-10-01T14:13:54.248Z,Update,1.0,133.40,Sell,Tullett Prebon
585,2021-10-01T14:16:19.198Z,Update,4.0,133.25,Sell,Marex Spectron
586,2021-10-01T14:20:00Z,Update,1.0,133.30,Sell,GFI
587,2021-10-01T14:20:29.988Z,Update,1.0,133.30,Sell,GFI
588,2021-10-01T14:20:43.227Z,Insert,1.0,133.25,Sell,Griffin Markets Europe SAS
589,2021-10-01T14:20:43.227Z,Insert,1.0,133.25,Sell,Griffin Markets Europe SAS
590,2021-10-01T14:21:02Z,Insert,1.0,133.30,Sell,EEX
591,2021-10-01T14:23:27Z,Insert,1.0,133.30,Buy,ICAP
592,2021-10-01T14:23:27Z,Insert,1.0,133.30,Buy,ICAP
593,2021-10-01T14:24:06.224Z,Update,1.0,133.40,Buy,ICAP
594,2021-10-01T14:25:00Z,Update,25.0,133.30,Sell,Tullett Prebon
595,2021-10-01T14:25:00Z,Insert,25.0,133.30,Sell,Tullett Prebon
596,2021-10-01T14:26:34Z,Insert,1.0,133.50,Sell,EEX
597,2021-10-01T14:26:37.172Z,Update,1.0,133.50,Buy,ICAP
598,2021-10-01T14:28:08.473Z,Update,1.0,133.50,Sell,Tullett Prebon
599,2021-10-01T14:28:33.598Z,Update,1.0,133.50,Sell,CIMD
600,2021-10-01T14:30:09.395Z,Update,1.0,133.50,Sell,Tullett Prebon
601,2021-10-01T14:30:14.836Z,Update,1.0,133.50,Sell,Tullett Prebon
602,2021-10-01T14:30:15Z,Insert,1.0,133.50,Sell,EEX
603,2021-10-01T14:30:30.746Z,Update,1.0,133.50,Sell,GFI
604,2021-10-01T14:30:32.887Z,Update,1.0,133.50,Sell,Tullett Prebon
605,2021-10-01T14:30:35.129Z,Update,1.0,133.50,Sell,GFI
606,2021-10-01T14:30:38.121Z,Update,1.0,133.50,Sell,Tullett Prebon
607,2021-10-01T14:30:41Z,Insert,1.0,133.50,Sell,EEX
608,2021-10-01T14:30:51Z,Insert,1.0,133.50,Sell,EEX
609,2021-10-01T14:33:44.428Z,Update,1.0,133.40,Sell,ICAP
610,2021-10-01T14:40:48.28Z,Update,2.0,133.50,Sell,Tullett Prebon
611,2021-10-01T14:41:32.894Z,Update,1.0,133.50,Sell,ICAP
612,2021-10-01T14:42:00.124Z,Update,1.0,133.50,Sell,ICAP
613,2021-10-01T14:42:00Z,Update,3.0,133.50,Sell,Tullett Prebon
614,2021-10-01T14:42:16Z,Insert,1.0,133.40,Sell,EEX
615,2021-10-01T14:42:24Z,Insert,1.0,133.40,Sell,EEX
616,2021-10-01T14:43:19.531Z,Update,1.0,133.50,Buy,ICAP
617,2021-10-01T14:44:07.819Z,Update,1.0,133.50,Sell,CIMD
618,2021-10-01T14:44:28.752Z,Update,1.0,133.500,Sell,Griffin Markets Europe SAS
619,2021-10-01T14:46:43.596Z,Update,1.0,133.50,Sell,CIMD
620,2021-10-01T14:47:04.42Z,Update,1.0,133.50,Sell,Arraco Global Markets
621,2021-10-01T14:47:10.201Z,Update,1.0,133.50,Sell,Arraco Global Markets
622,2021-10-01T14:50:21Z,Insert,1.0,133.50,Sell,EEX
623,2021-10-01T14:51:15.104Z,Update,1.0,133.65,Buy,Tradition
624,2021-10-01T14:53:02.568Z,Update,2.0,133.50,Sell,CIMD
625,2021-10-01T14:53:23.354Z,Update,2.0,133.55,Buy,Tullett Prebon
626,2021-10-01T14:53:25.253Z,Update,1.0,133.55,Buy,Tullett Prebon
627,2021-10-01T14:54:26.295Z,Update,1.0,133.55,Buy,Tullett Prebon
628,2021-10-01T14:54:26.789Z,Update,1.0,133.55,Buy,Tullett Prebon
629,2021-10-01T14:54:36Z,Insert,1.0,133.50,Sell,EEX
630,2021-10-01T14:54:43Z,Insert,1.0,133.50,Sell,EEX
631,2021-10-01T14:54:55Z,Insert,1.0,133.50,Sell,EEX
632,2021-10-01T14:56:21.602Z,Update,1.0,133.40,Sell,Tradition
633,2021-10-01T14:56:25.211Z,Update,1.0,133.40,Sell,Tradition
634,2021-10-01T14:56:48.524Z,Update,1.0,133.40,Sell,Tradition
635,2021-10-01T14:56:48.992Z,Update,1.0,133.40,Sell,Tradition
636,2021-10-01T14:56:49.617Z,Update,1.0,133.40,Sell,Tradition
637,2021-10-01T14:57:27.436Z,Update,3.0,133.500,Sell,Griffin Markets Europe SAS
638,2021-10-01T14:59:59.46Z,Update,1.0,133.40,Sell,Tradition
639,2021-10-01T15:00:02.523Z,Update,1.0,133.40,Sell,Tradition
640,2021-10-01T15:00:02.96Z,Update,1.0,133.40,Sell,Tradition
641,2021-10-01T15:00:06.694Z,Update,1.0,133.40,Sell,Tradition
642,2021-10-01T15:00:10.585Z,Update,1.0,133.40,Sell,Tradition
643,2021-10-01T15:01:34.522Z,Update,1.0,133.40,Sell,Tradition
644,2021-10-01T15:01:47.866Z,Update,1.0,133.40,Sell,Tradition
645,2021-10-01T15:01:51.834Z,Update,1.0,133.40,Sell,Tradition
646,2021-10-01T15:01:58.631Z,Update,1.0,133.40,Sell,Tradition
647,2021-10-01T15:02:09.678Z,Update,1.0,133.40,Sell,Tradition
648,2021-10-01T15:02:12.381Z,Update,1.0,133.40,Sell,Tradition
649,2021-10-01T15:02:12.741Z,Update,1.0,133.40,Sell,Tradition
650,2021-10-01T15:02:16.569Z,Update,1.0,133.40,Sell,Tradition
651,2021-10-01T15:02:20.037Z,Update,1.0,133.40,Sell,Tradition
652,2021-10-01T15:02:23.772Z,Update,1.0,133.40,Sell,Tradition
653,2021-10-01T15:02:26.537Z,Update,1.0,133.40,Sell,Tradition
654,2021-10-01T15:02:50Z,Insert,1.0,133.30,Sell,EEX
655,2021-10-01T15:02:53Z,Insert,1.0,133.30,Sell,EEX
656,2021-10-01T15:03:03Z,Insert,1.0,133.30,Sell,EEX
657,2021-10-01T15:03:04Z,Insert,1.0,133.30,Sell,EEX
658,2021-10-01T15:03:07Z,Insert,1.0,133.30,Sell,EEX
659,2021-10-01T15:03:08Z,Insert,1.0,133.30,Sell,EEX
660,2021-10-01T15:03:08Z,Insert,1.0,133.30,Sell,EEX
661,2021-10-01T15:03:08Z,Insert,1.0,133.30,Sell,EEX
662,2021-10-01T15:03:09Z,Insert,1.0,133.30,Sell,EEX
663,2021-10-01T15:03:11Z,Insert,1.0,133.30,Sell,EEX
664,2021-10-01T15:03:19Z,Insert,1.0,133.30,Sell,EEX
665,2021-10-01T15:03:19Z,Insert,1.0,133.30,Sell,EEX
666,2021-10-01T15:03:20Z,Insert,1.0,133.30,Sell,EEX
667,2021-10-01T15:03:20Z,Insert,1.0,133.30,Sell,EEX
668,2021-10-01T15:03:21Z,Insert,1.0,133.30,Sell,EEX
669,2021-10-01T15:03:21Z,Insert,1.0,133.30,Sell,EEX
670,2021-10-01T15:03:21Z,Insert,1.0,133.30,Sell,EEX
671,2021-10-01T15:03:27Z,Insert,1.0,133.30,Sell,EEX
672,2021-10-01T15:03:45.372Z,Update,1.0,133.25,Sell,Tullett Prebon
673,2021-10-01T15:03:45Z,Insert,1.0,133.30,Sell,EEX
674,2021-10-01T15:03:48Z,Insert,1.0,133.30,Sell,EEX
675,2021-10-01T15:03:53Z,Insert,1.0,133.30,Sell,EEX
676,2021-10-01T15:03:54Z,Insert,1.0,133.30,Sell,EEX
677,2021-10-01T15:03:55Z,Insert,1.0,133.30,Sell,EEX
678,2021-10-01T15:03:56Z,Insert,1.0,133.30,Sell,EEX
679,2021-10-01T15:03:57Z,Insert,1.0,133.30,Sell,EEX
680,2021-10-01T15:04:02Z,Insert,1.0,133.25,Sell,EEX
681,2021-10-01T15:04:22Z,Insert,1.0,133.25,Sell,EEX
682,2021-10-01T15:04:23Z,Insert,1.0,133.25,Sell,EEX
683,2021-10-01T15:04:24Z,Insert,1.0,133.25,Sell,EEX
684,2021-10-01T15:04:25Z,Insert,1.0,133.25,Sell,EEX
685,2021-10-01T15:04:26Z,Insert,1.0,133.25,Sell,EEX
686,2021-10-01T15:04:26Z,Insert,1.0,133.25,Sell,EEX
687,2021-10-01T15:04:26Z,Insert,1.0,133.25,Sell,EEX
688,2021-10-01T15:04:30Z,Insert,1.0,133.25,Sell,EEX
689,2021-10-01T15:04:30Z,Insert,1.0,133.25,Sell,EEX
690,2021-10-01T15:04:33Z,Insert,1.0,133.25,Sell,EEX
691,2021-10-01T15:04:34Z,Insert,1.0,133.25,Sell,EEX
692,2021-10-01T15:04:34Z,Insert,1.0,133.25,Sell,EEX
693,2021-10-01T15:04:36Z,Insert,1.0,133.25,Sell,EEX
694,2021-10-01T15:04:37Z,Insert,1.0,133.25,Sell,EEX
695,2021-10-01T15:04:48Z,Insert,1.0,133.25,Sell,EEX
696,2021-10-01T15:04:49Z,Insert,1.0,133.25,Sell,EEX
697,2021-10-01T15:04:49Z,Insert,1.0,133.25,Sell,EEX
698,2021-10-01T15:04:54Z,Insert,1.0,133.25,Sell,EEX
699,2021-10-01T15:04:54Z,Insert,1.0,133.25,Sell,EEX
700,2021-10-01T15:04:55Z,Insert,1.0,133.25,Sell,EEX
701,2021-10-01T15:04:55Z,Insert,1.0,133.25,Sell,EEX
702,2021-10-01T15:04:59Z,Insert,1.0,133.25,Sell,EEX
703,2021-10-01T15:05:01Z,Insert,1.0,133.25,Sell,EEX
704,2021-10-01T15:05:01Z,Insert,1.0,133.25,Sell,EEX
705,2021-10-01T15:06:34.485Z,Update,1.0,133.20,Sell,Tullett Prebon
706,2021-10-01T15:06:46.308Z,Update,1.0,133.20,Sell,Tullett Prebon
707,2021-10-01T15:06:46.84Z,Update,1.0,133.20,Sell,Tullett Prebon
708,2021-10-01T15:06:47.341Z,Update,1.0,133.20,Sell,Tullett Prebon
709,2021-10-01T15:06:47.842Z,Update,1.0,133.20,Sell,Tullett Prebon
710,2021-10-01T15:06:48.357Z,Update,1.0,133.20,Sell,Tullett Prebon
711,2021-10-01T15:11:49Z,Insert,1.0,133.25,Sell,EEX
712,2021-10-01T15:14:52.171Z,Update,1.0,133.25,Sell,Arraco Global Markets
713,2021-10-01T15:15:45.386Z,Update,1.0,133.25,Sell,ICAP
714,2021-10-01T15:27:46.356Z,Update,1.0,133.00,Sell,Tradition
715,2021-10-01T15:27:46.403Z,Update,1.0,133.00,Sell,Tradition
716,2021-10-01T15:38:03Z,Insert,1.0,133.25,Sell,EEX
717,2021-10-01T15:38:36.121Z,Update,2.0,133.40,Buy,ICAP
718,2021-10-01T15:41:16Z,Insert,1.0,133.25,Sell,EEX
719,2021-10-01T15:41:48Z,Insert,2.0,133.25,Sell,EEX
720,2021-10-01T15:42:52Z,Insert,1.0,133.25,Sell,EEX
721,2021-10-01T15:42:57Z,Insert,1.0,133.25,Sell,EEX
722,2021-10-01T15:43:00Z,Insert,1.0,133.25,Sell,EEX
723,2021-10-01T15:45:55Z,Insert,1.0,133.25,Sell,EEX
724,2021-10-01T15:46:23Z,Insert,1.0,133.10,Sell,EEX
725,2021-10-01T15:46:29Z,Insert,1.0,133.10,Sell,EEX
726,2021-10-01T15:48:14Z,Insert,1.0,133.10,Sell,EEX
727,2021-10-01T15:48:14Z,Insert,1.0,133.10,Sell,EEX
728,2021-10-01T15:48:28Z,Insert,1.0,133.10,Sell,EEX
729,2021-10-01T15:48:31Z,Insert,1.0,133.10,Sell,EEX
730,2021-10-01T15:48:46Z,Update,1.0,133.10,Sell,ICAP
731,2021-10-01T15:48:46Z,Insert,1.0,133.10,Sell,EEX
732,2021-10-01T15:48:47Z,Insert,1.0,133.10,Sell,EEX
733,2021-10-01T15:48:49Z,Insert,1.0,133.10,Sell,EEX
734,2021-10-01T15:48:49Z,Insert,1.0,133.10,Sell,EEX
735,2021-10-01T15:55:54.927Z,Update,1.0,133.25,Sell,GFI
736,2021-10-01T15:56:08Z,Insert,1.0,133.25,Sell,EEX
737,2021-10-01T15:58:06Z,Insert,1.0,133.10,Sell,EEX
738,2021-10-01T15:59:43Z,Insert,1.0,133.40,Sell,EEX
739,2021-10-01T15:59:50.298Z,Update,1.0,133.40,Sell,Tullett Prebon
740,2021-10-01T15:59:53.261Z,Update,1.0,133.40,Sell,Tullett Prebon
741,2021-10-01T15:59:53Z,Insert,1.0,133.15,Sell,EEX
742,2021-10-01T15:59:53Z,Insert,1.0,133.10,Sell,EEX
