,DateTime,Action,Volume,Price,AggressorAction,AggressorBroker
0,2021-10-26T07:11:09.753Z,Update,1.0,124.50,Buy,GFI
1,2021-10-26T07:34:08Z,Insert,1.0,124.00,Sell,EEX
2,2021-10-26T07:34:32Z,Insert,1.0,123.42,Sell,EEX
3,2021-10-26T07:38:47Z,Insert,1.0,124.00,Sell,EEX
4,2021-10-26T07:50:09.832Z,Update,1.0,124.00,Sell,Tradition
5,2021-10-26T07:50:59Z,Insert,1.0,124.00,Sell,EEX
6,2021-10-26T08:17:39Z,Insert,1.0,123.95,Sell,EEX
7,2021-10-26T08:23:21Z,Insert,1.0,123.95,Sell,EEX
8,2021-10-26T08:27:34Z,Insert,1.0,123.95,Sell,EEX
9,2021-10-26T08:29:52Z,Insert,4.0,124.00,Sell,EEX
10,2021-10-26T08:29:55Z,Insert,1.0,124.00,Sell,EEX
11,2021-10-26T08:30:04Z,Insert,3.0,124.00,Sell,EEX
12,2021-10-26T08:38:27Z,Insert,2.0,124.00,Sell,EEX
13,2021-10-26T08:42:31Z,Insert,7.0,124.00,Sell,EEX
14,2021-10-26T08:50:40.42Z,Update,1.0,124.15,Sell,Tradition
15,2021-10-26T08:51:50.841Z,Update,1.0,124.15,Sell,Tradition
16,2021-10-26T08:53:02Z,Insert,1.0,124.20,Sell,EEX
17,2021-10-26T08:53:26Z,Insert,1.0,124.25,Sell,EEX
18,2021-10-26T08:54:48.559Z,Update,1.0,124.15,Sell,Tradition
19,2021-10-26T08:54:48Z,Update,1.0,124.15,Sell,Tradition
20,2021-10-26T09:03:09Z,Insert,1.0,124.15,Sell,EEX
21,2021-10-26T09:06:37.096Z,Update,1.0,124.05,Sell,GFI
22,2021-10-26T09:08:24.557Z,Update,1.0,124.05,Sell,GFI
23,2021-10-26T09:11:32Z,Insert,5.0,124.15,Sell,EEX
24,2021-10-26T09:14:42Z,Insert,1.0,124.15,Sell,EEX
25,2021-10-26T09:22:44.847Z,Update,1.0,124.00,Sell,Tullett Prebon
26,2021-10-26T09:25:12Z,Insert,1.0,124.00,Sell,EEX
27,2021-10-26T09:28:59Z,Insert,1.0,124.15,Sell,EEX
28,2021-10-26T09:30:39Z,Insert,1.0,124.15,Sell,EEX
29,2021-10-26T09:33:39Z,Insert,2.0,124.25,Sell,EEX
30,2021-10-26T09:33:42Z,Insert,3.0,124.25,Sell,EEX
31,2021-10-26T09:37:07.308Z,Update,1.0,124.00,Sell,ICAP
32,2021-10-26T09:37:49Z,Insert,1.0,124.00,Sell,EEX
33,2021-10-26T09:43:08Z,Insert,1.0,124.30,Sell,EEX
34,2021-10-26T09:47:16.899Z,Update,1.0,124.15,Sell,Tradition
35,2021-10-26T09:54:57Z,Insert,2.0,124.45,Sell,EEX
36,2021-10-26T09:57:42Z,Insert,2.0,124.75,Sell,EEX
37,2021-10-26T09:58:28Z,Insert,1.0,124.50,Sell,EEX
38,2021-10-26T10:21:34.664Z,Update,2.0,124.350,Sell,Griffin Markets Europe SAS
39,2021-10-26T10:21:35.614Z,Update,1.0,124.35,Buy,Griffin Markets Europe SAS
40,2021-10-26T10:25:45.62Z,Update,1.0,124.45,Buy,GFI
41,2021-10-26T10:33:09.41Z,Update,2.0,124.350,Sell,Griffin Markets Europe SAS
42,2021-10-26T10:33:16.818Z,Update,2.0,124.350,Sell,Griffin Markets Europe SAS
43,2021-10-26T10:33:19.521Z,Update,1.0,124.350,Sell,Griffin Markets Europe SAS
44,2021-10-26T10:33:27Z,Insert,1.0,124.30,Sell,EEX
45,2021-10-26T10:37:36.521Z,Update,1.0,124.20,Buy,Griffin Markets Europe SAS
46,2021-10-26T10:39:58.271Z,Update,1.0,124.00,Buy,Tradition
47,2021-10-26T10:40:57.611Z,Update,1.0,124.25,Buy,Griffin Markets Europe SAS
48,2021-10-26T10:42:43.984Z,Update,1.0,124.25,Buy,Griffin Markets Europe SAS
49,2021-10-26T10:45:47Z,Insert,1.0,124.24,Sell,EEX
50,2021-10-26T10:54:24.938Z,Update,1.0,124.50,Buy,Marex Spectron
51,2021-10-26T10:59:58Z,Insert,1.0,124.50,Sell,EEX
52,2021-10-26T11:01:33Z,Insert,1.0,124.30,Sell,EEX
53,2021-10-26T11:01:35Z,Insert,1.0,124.25,Sell,EEX
54,2021-10-26T11:01:36.746Z,Update,1.0,124.25,Sell,ICAP
55,2021-10-26T11:01:44Z,Insert,1.0,124.20,Sell,EEX
56,2021-10-26T11:01:50Z,Insert,1.0,124.15,Sell,EEX
57,2021-10-26T11:01:57.467Z,Insert,1.0,124.15,Sell,Marex Spectron
58,2021-10-26T11:02:20.278Z,Update,1.0,124.10,Buy,Tradition
59,2021-10-26T11:02:20Z,Insert,1.0,124.10,Sell,EEX
60,2021-10-26T11:06:25.574Z,Update,1.0,124.25,Buy,Tullett Prebon
61,2021-10-26T11:06:29.607Z,Update,1.0,124.25,Buy,Tullett Prebon
62,2021-10-26T11:08:37Z,Insert,1.0,124.25,Sell,EEX
63,2021-10-26T11:08:51.477Z,Update,1.0,124.25,Buy,GFI
64,2021-10-26T11:15:34.516Z,Update,1.0,124.30,Buy,Tullett Prebon
65,2021-10-26T11:15:55Z,Insert,1.0,124.30,Sell,EEX
66,2021-10-26T11:15:58Z,Insert,1.0,124.30,Sell,EEX
67,2021-10-26T11:17:07.742Z,Update,2.0,124.35,Buy,Tradition
68,2021-10-26T11:18:26Z,Insert,1.0,124.20,Sell,EEX
69,2021-10-26T11:23:30Z,Insert,1.0,124.00,Sell,EEX
70,2021-10-26T11:23:42.703Z,Insert,1.0,124.15,Sell,Griffin Markets Europe SAS
71,2021-10-26T11:23:42.703Z,Insert,1.0,124.15,Sell,Griffin Markets Europe SAS
72,2021-10-26T11:23:42.703Z,Insert,1.0,124.15,Sell,Griffin Markets Europe SAS
73,2021-10-26T11:23:43.63Z,Update,1.0,124.00,Buy,Tradition
74,2021-10-26T11:24:49.286Z,Update,1.0,124.00,Buy,Tradition
75,2021-10-26T11:24:54.614Z,Update,1.0,124.00,Buy,Tradition
76,2021-10-26T11:24:59.426Z,Update,1.0,124.00,Buy,Tradition
77,2021-10-26T11:25:02.411Z,Update,1.0,124.00,Buy,Tradition
78,2021-10-26T11:28:37.214Z,Insert,1.0,124.00,Sell,Marex Spectron
79,2021-10-26T11:37:05.094Z,Update,1.0,124.00,Buy,ICAP
80,2021-10-26T11:45:58.559Z,Update,1.0,124.00,Buy,Tradition
81,2021-10-26T11:46:19.559Z,Update,2.0,124.00,Sell,Tradition
82,2021-10-26T11:46:19.559Z,Update,1.0,124.00,Buy,Tradition
83,2021-10-26T11:48:40.325Z,Update,1.0,124.00,Sell,Griffin Markets Europe SAS
84,2021-10-26T11:48:42.043Z,Update,1.0,124.00,Sell,Tradition
85,2021-10-26T11:50:20Z,Insert,1.0,123.95,Sell,Tradition
86,2021-10-26T11:56:22.337Z,Update,1.0,123.80,Sell,Tradition
87,2021-10-26T11:57:18Z,Update,1.0,123.80,Sell,Tradition
88,2021-10-26T11:57:18Z,Update,1.0,123.80,Sell,Tradition
89,2021-10-26T11:57:18Z,Update,1.0,123.80,Sell,Tradition
90,2021-10-26T11:57:41Z,Insert,1.0,123.80,Sell,Tradition
91,2021-10-26T11:57:41Z,Update,2.0,123.80,Sell,Tradition
92,2021-10-26T11:58:04.305Z,Update,1.0,123.75,Buy,Arraco Global Markets
93,2021-10-26T12:02:29.991Z,Update,1.0,123.80,Sell,Tradition
94,2021-10-26T12:05:35.13Z,Update,1.0,123.70,Sell,ICAP
95,2021-10-26T12:05:55.162Z,Update,2.0,123.70,Sell,Tradition
96,2021-10-26T12:16:26.158Z,Update,1.0,124.00,Sell,Tradition
97,2021-10-26T12:17:06Z,Insert,1.0,124.00,Sell,EEX
98,2021-10-26T12:20:36Z,Insert,1.0,124.00,Sell,EEX
99,2021-10-26T12:25:41Z,Insert,1.0,124.00,Sell,EEX
100,2021-10-26T12:25:41Z,Insert,1.0,124.00,Sell,EEX
101,2021-10-26T12:26:02Z,Insert,1.0,124.00,Sell,EEX
102,2021-10-26T12:33:39.092Z,Update,10.0,124.00,Sell,ICAP
103,2021-10-26T12:44:24.849Z,Update,1.0,124.10,Sell,GFI
104,2021-10-26T12:45:19.26Z,Update,2.0,124.25,Sell,GFI
105,2021-10-26T13:01:36Z,Insert,1.0,123.70,Sell,EEX
106,2021-10-26T13:01:58Z,Insert,1.0,123.75,Sell,EEX
107,2021-10-26T13:02:18.085Z,Update,2.0,123.70,Sell,GFI
108,2021-10-26T13:02:24Z,Insert,1.0,123.70,Sell,EEX
109,2021-10-26T13:04:11.266Z,Update,1.0,123.75,Sell,Tradition
110,2021-10-26T13:04:15Z,Insert,1.0,123.70,Sell,EEX
111,2021-10-26T13:04:17Z,Insert,1.0,123.70,Sell,EEX
112,2021-10-26T13:04:18.031Z,Update,1.0,123.70,Sell,Tradition
113,2021-10-26T13:04:49Z,Insert,1.0,123.50,Sell,EEX
114,2021-10-26T13:05:19Z,Insert,1.0,123.50,Sell,EEX
115,2021-10-26T13:09:49Z,Insert,1.0,123.50,Sell,EEX
116,2021-10-26T13:14:13Z,Insert,1.0,123.25,Sell,EEX
117,2021-10-26T13:14:17.137Z,Update,1.0,123.30,Sell,Tradition
118,2021-10-26T13:15:58Z,Insert,1.0,123.10,Sell,EEX
119,2021-10-26T13:22:12.737Z,Update,1.0,123.15,Sell,Tradition
120,2021-10-26T13:22:15.745Z,Update,1.0,123.10,Sell,ICAP
121,2021-10-26T13:22:16Z,Insert,1.0,123.10,Sell,EEX
122,2021-10-26T13:22:43.223Z,Update,1.0,123.10,Sell,Tullett Prebon
123,2021-10-26T13:22:44.239Z,Update,1.0,123.10,Sell,Tullett Prebon
124,2021-10-26T13:22:46Z,Insert,1.0,123.02,Sell,EEX
125,2021-10-26T13:23:55.463Z,Update,1.0,123.05,Sell,Tullett Prebon
126,2021-10-26T13:23:59.635Z,Update,1.0,123.05,Sell,Tullett Prebon
127,2021-10-26T13:24:25.674Z,Update,1.0,123.05,Sell,Tullett Prebon
128,2021-10-26T13:24:28.736Z,Update,1.0,123.05,Sell,Tullett Prebon
129,2021-10-26T13:24:28.768Z,Update,1.0,123.05,Sell,Tradition
130,2021-10-26T13:26:32Z,Insert,1.0,123.05,Sell,EEX
131,2021-10-26T13:27:00.567Z,Update,1.0,123.05,Sell,GFI
132,2021-10-26T13:28:22Z,Insert,1.0,122.95,Sell,EEX
133,2021-10-26T13:28:46Z,Insert,1.0,123.05,Sell,EEX
134,2021-10-26T13:33:34Z,Insert,1.0,123.15,Sell,EEX
135,2021-10-26T13:33:42Z,Insert,1.0,123.15,Sell,EEX
136,2021-10-26T13:47:52Z,Insert,4.0,123.50,Sell,EEX
137,2021-10-26T13:48:45.986Z,Update,4.0,123.50,Sell,ICAP
138,2021-10-26T13:51:17Z,Insert,1.0,123.50,Sell,EEX
139,2021-10-26T13:57:50Z,Insert,1.0,123.50,Sell,EEX
140,2021-10-26T13:58:00.358Z,Update,1.0,123.45,Sell,GFI
141,2021-10-26T14:04:09.508Z,Update,2.0,123.35,Sell,Tradition
142,2021-10-26T14:04:36.446Z,Update,2.0,123.35,Sell,Tradition
143,2021-10-26T14:09:00Z,Insert,1.0,123.45,Sell,EEX
144,2021-10-26T14:10:49Z,Insert,1.0,123.40,Sell,EEX
145,2021-10-26T14:11:00.428Z,Update,1.0,123.35,Sell,Tradition
146,2021-10-26T14:24:16.423Z,Update,1.0,123.65,Sell,Tradition
147,2021-10-26T14:30:33Z,Insert,1.0,123.40,Sell,EEX
148,2021-10-26T14:31:43.733Z,Update,1.0,123.40,Sell,Tradition
149,2021-10-26T14:36:43.683Z,Update,1.0,123.25,Buy,GFI
150,2021-10-26T14:38:22.404Z,Insert,1.0,123.40,Sell,Tullett Prebon
151,2021-10-26T14:38:51.201Z,Insert,1.0,123.40,Sell,Tullett Prebon
152,2021-10-26T14:39:32.916Z,Update,1.0,123.40,Sell,Marex Spectron
153,2021-10-26T14:43:55Z,Insert,1.0,123.30,Sell,EEX
154,2021-10-26T14:57:05Z,Insert,1.0,123.25,Sell,EEX
155,2021-10-26T14:58:53Z,Insert,3.0,123.25,Sell,ICAP
156,2021-10-26T14:59:06.493Z,Insert,1.0,123.25,Sell,Tullett Prebon
157,2021-10-26T14:59:39.735Z,Insert,2.0,123.25,Sell,Tullett Prebon
158,2021-10-26T15:03:29.96Z,Insert,3.0,123.25,Buy,Griffin Markets Europe SAS
159,2021-10-26T15:03:29.96Z,Insert,3.0,123.25,Buy,Griffin Markets Europe SAS
160,2021-10-26T15:22:24Z,Insert,3.0,123.50,Sell,EEX
161,2021-10-26T15:23:48.137Z,Update,3.0,123.60,Buy,ICAP
162,2021-10-26T15:24:09Z,Insert,1.0,123.60,Sell,EEX
163,2021-10-26T15:24:11Z,Insert,1.0,123.60,Sell,EEX
164,2021-10-26T15:25:52.018Z,Update,1.0,123.50,Sell,Arraco Global Markets
165,2021-10-26T15:26:36Z,Insert,1.0,123.30,Sell,EEX
166,2021-10-26T15:29:22.291Z,Update,1.0,123.25,Buy,Tradition
167,2021-10-26T15:29:47.93Z,Update,1.0,123.25,Sell,Tullett Prebon
168,2021-10-26T15:34:50Z,Insert,1.0,123.60,Sell,EEX
169,2021-10-26T15:37:00Z,Update,3.0,123.45,Sell,Tullett Prebon
170,2021-10-26T15:39:03.381Z,Update,1.0,123.80,Buy,Tradition
171,2021-10-26T15:39:20.865Z,Update,1.0,123.80,Sell,Tradition
172,2021-10-26T15:41:54.114Z,Update,1.0,123.80,Sell,Tradition
173,2021-10-26T15:43:43Z,Insert,1.0,123.60,Sell,EEX
174,2021-10-26T15:51:49Z,Insert,1.0,123.75,Sell,EEX
175,2021-10-26T15:51:54.501Z,Update,1.0,123.80,Buy,Tradition
176,2021-10-26T15:51:58.536Z,Update,1.0,123.85,Buy,GFI
177,2021-10-26T15:53:49Z,Insert,2.0,124.00,Sell,EEX
