,DateTime,Action,Volume,Price,AggressorAction
0,2021-10-07T06:18:19.648Z,Update,1.0,139.00,Sell
1,2021-10-07T06:18:19Z,Update,1.0,139.00,Sell
2,2021-10-07T06:18:31Z,Insert,1.0,138.00,Sell
3,2021-10-07T06:23:39Z,Insert,4.0,136.50,Sell
4,2021-10-07T06:25:24.715Z,Update,1.0,136.00,Sell
5,2021-10-07T06:26:03Z,Insert,1.0,136.50,Sell
6,2021-10-07T06:26:05Z,Insert,1.0,136.50,Sell
7,2021-10-07T06:26:05Z,Insert,1.0,136.50,Sell
8,2021-10-07T06:26:06Z,Insert,1.0,136.50,Sell
9,2021-10-07T06:26:06Z,Insert,1.0,136.50,Sell
10,2021-10-07T06:26:06Z,Insert,1.0,136.50,Sell
11,2021-10-07T06:26:06Z,Insert,1.0,136.50,Sell
12,2021-10-07T06:26:07Z,Insert,1.0,136.50,Sell
13,2021-10-07T06:26:09Z,Insert,1.0,136.50,Sell
14,2021-10-07T06:26:09Z,Insert,1.0,136.50,Sell
15,2021-10-07T06:26:09Z,Insert,1.0,136.50,Sell
16,2021-10-07T06:26:38.145Z,Update,1.0,136.00,Sell
17,2021-10-07T06:27:57.746Z,Update,1.0,135.00,Sell
18,2021-10-07T06:27:57.754Z,Update,1.0,135.00,Sell
19,2021-10-07T06:27:57Z,Insert,1.0,135.00,Sell
20,2021-10-07T06:29:58.606Z,Update,1.0,135.00,Sell
21,2021-10-07T06:30:35Z,Insert,1.0,134.81,Sell
22,2021-10-07T06:31:37Z,Insert,1.0,134.90,Sell
23,2021-10-07T06:31:43Z,Insert,1.0,134.95,Sell
24,2021-10-07T06:31:44Z,Insert,1.0,134.95,Sell
25,2021-10-07T06:31:48Z,Insert,6.0,135.00,Sell
26,2021-10-07T06:32:27Z,Insert,1.0,134.75,Sell
27,2021-10-07T06:32:51Z,Update,1.0,134.70,Sell
28,2021-10-07T06:32:51Z,Insert,1.0,134.70,Sell
29,2021-10-07T06:33:57Z,Insert,1.0,134.10,Sell
30,2021-10-07T06:34:18Z,Insert,1.0,134.10,Sell
31,2021-10-07T06:36:03.011Z,Update,1.0,134.10,Buy
32,2021-10-07T06:36:03.051Z,Update,2.0,134.10,Buy
33,2021-10-07T06:36:24.719Z,Update,1.0,133.10,Sell
34,2021-10-07T06:36:29.46Z,Update,1.0,133.00,Sell
35,2021-10-07T06:37:40Z,Insert,2.0,132.95,Sell
36,2021-10-07T06:38:21Z,Insert,1.0,132.00,Sell
37,2021-10-07T06:38:27.442Z,Update,2.0,132.00,Sell
38,2021-10-07T06:38:29.719Z,Update,1.0,132.00,Sell
39,2021-10-07T06:38:30.105Z,Update,1.0,132.00,Sell
40,2021-10-07T06:38:32.713Z,Update,1.0,132.00,Sell
41,2021-10-07T06:38:42.472Z,Update,2.0,132.00,Sell
42,2021-10-07T06:39:13Z,Insert,1.0,132.25,Sell
43,2021-10-07T06:39:41Z,Insert,1.0,131.00,Sell
44,2021-10-07T06:40:15Z,Insert,3.0,131.00,Sell
45,2021-10-07T06:40:34.112Z,Update,1.0,131.00,Sell
46,2021-10-07T06:40:37Z,Insert,1.0,131.00,Sell
47,2021-10-07T06:41:20.764Z,Update,1.0,131.10,Sell
48,2021-10-07T06:41:37Z,Insert,2.0,131.00,Sell
49,2021-10-07T06:41:50.055Z,Update,1.0,131.00,Sell
50,2021-10-07T06:42:17Z,Insert,1.0,131.00,Sell
51,2021-10-07T06:42:28Z,Update,1.0,130.75,Sell
52,2021-10-07T06:42:28Z,Insert,1.0,130.75,Sell
53,2021-10-07T06:43:21Z,Insert,2.0,130.00,Sell
54,2021-10-07T06:43:23.915Z,Update,5.0,130.00,Sell
55,2021-10-07T06:43:38Z,Insert,1.0,129.75,Sell
56,2021-10-07T06:45:07.942Z,Update,2.0,127.10,Sell
57,2021-10-07T06:45:07.997Z,Update,1.0,127.10,Sell
58,2021-10-07T06:45:10.001Z,Update,2.0,127.10,Sell
59,2021-10-07T06:45:10.063Z,Update,1.0,127.10,Sell
60,2021-10-07T06:45:18.637Z,Update,2.0,127.00,Sell
61,2021-10-07T06:45:35.122Z,Update,2.0,126.00,Sell
62,2021-10-07T06:45:35Z,Insert,1.0,125.00,Sell
63,2021-10-07T06:45:36Z,Insert,1.0,125.00,Sell
64,2021-10-07T06:45:39Z,Insert,3.0,125.00,Sell
65,2021-10-07T06:45:40Z,Insert,2.0,121.00,Sell
66,2021-10-07T06:45:45.956Z,Update,1.0,121.00,Sell
67,2021-10-07T06:45:47Z,Insert,1.0,120.00,Sell
68,2021-10-07T06:45:48Z,Insert,1.0,120.00,Sell
69,2021-10-07T06:45:53Z,Insert,1.0,120.00,Sell
70,2021-10-07T06:45:54Z,Insert,1.0,120.00,Sell
71,2021-10-07T06:45:55Z,Insert,1.0,120.00,Sell
72,2021-10-07T06:45:58Z,Insert,1.0,120.00,Sell
73,2021-10-07T06:46:05Z,Insert,2.0,120.00,Sell
74,2021-10-07T06:46:11.836Z,Update,1.0,120.00,Sell
75,2021-10-07T06:46:55Z,Insert,1.0,120.01,Sell
76,2021-10-07T06:46:57Z,Insert,1.0,120.00,Sell
77,2021-10-07T06:46:58.215Z,Update,1.0,120.00,Sell
78,2021-10-07T06:47:41Z,Insert,1.0,120.00,Sell
79,2021-10-07T06:47:52.376Z,Update,1.0,119.00,Sell
80,2021-10-07T06:47:56Z,Insert,1.0,118.00,Sell
81,2021-10-07T06:48:14Z,Insert,1.0,118.00,Sell
82,2021-10-07T06:48:40Z,Insert,1.0,117.05,Sell
83,2021-10-07T06:48:40Z,Insert,1.0,117.05,Sell
84,2021-10-07T06:48:42Z,Insert,1.0,117.10,Sell
85,2021-10-07T06:48:45Z,Insert,1.0,117.00,Sell
86,2021-10-07T06:48:49Z,Insert,1.0,116.00,Sell
87,2021-10-07T06:48:56Z,Insert,1.0,116.00,Sell
88,2021-10-07T06:49:05.386Z,Update,1.0,116.00,Sell
89,2021-10-07T06:49:09Z,Insert,1.0,116.00,Sell
90,2021-10-07T06:49:13Z,Insert,1.0,116.00,Sell
91,2021-10-07T06:49:30.64Z,Insert,1.0,117.00,Sell
92,2021-10-07T06:49:30.64Z,Insert,1.0,117.00,Sell
93,2021-10-07T06:49:45Z,Insert,1.0,118.00,Sell
94,2021-10-07T06:49:48Z,Insert,3.0,118.00,Sell
95,2021-10-07T06:50:15.646Z,Update,1.0,118.00,Sell
96,2021-10-07T06:50:19.933Z,Update,1.0,118.50,Sell
97,2021-10-07T06:50:24.058Z,Update,1.0,118.00,Sell
98,2021-10-07T06:53:34Z,Insert,2.0,124.00,Sell
99,2021-10-07T06:53:50Z,Insert,1.0,125.00,Sell
100,2021-10-07T06:53:56Z,Insert,2.0,124.00,Sell
101,2021-10-07T06:54:07.757Z,Update,1.0,125.00,Sell
102,2021-10-07T06:54:14.477Z,Update,1.0,125.00,Buy
103,2021-10-07T06:54:15.774Z,Update,1.0,125.00,Buy
104,2021-10-07T06:54:18.469Z,Update,1.0,125.00,Sell
105,2021-10-07T06:54:23Z,Insert,1.0,125.00,Sell
106,2021-10-07T06:54:28.188Z,Update,1.0,125.00,Sell
107,2021-10-07T06:54:37Z,Insert,1.0,125.00,Sell
108,2021-10-07T06:55:43Z,Insert,1.0,124.00,Sell
109,2021-10-07T06:57:25.522Z,Update,1.0,122.50,Sell
110,2021-10-07T06:57:40.021Z,Update,1.0,121.00,Sell
111,2021-10-07T06:58:39Z,Insert,3.0,121.00,Sell
112,2021-10-07T06:59:06Z,Insert,3.0,121.00,Sell
113,2021-10-07T06:59:26Z,Insert,1.0,121.00,Sell
114,2021-10-07T06:59:48Z,Insert,1.0,121.00,Sell
115,2021-10-07T06:59:51Z,Insert,1.0,121.00,Sell
116,2021-10-07T07:00:00Z,Insert,1.0,118.00,Sell
117,2021-10-07T07:00:31Z,Insert,1.0,121.00,Sell
118,2021-10-07T07:00:35Z,Insert,1.0,121.00,Sell
119,2021-10-07T07:00:35Z,Insert,1.0,121.00,Sell
120,2021-10-07T07:01:11Z,Insert,1.0,121.00,Sell
121,2021-10-07T07:01:13Z,Insert,1.0,120.00,Sell
122,2021-10-07T07:01:31Z,Insert,2.0,121.00,Sell
123,2021-10-07T07:01:35Z,Insert,2.0,121.00,Sell
124,2021-10-07T07:05:36.809Z,Update,1.0,121.50,Sell
125,2021-10-07T07:05:38Z,Insert,1.0,121.50,Sell
126,2021-10-07T07:05:58.709Z,Update,1.0,121.50,Sell
127,2021-10-07T07:06:02Z,Update,30.0,120.00,Sell
128,2021-10-07T07:06:11Z,Update,30.0,120.00,Buy
129,2021-10-07T07:07:29Z,Insert,2.0,121.50,Sell
130,2021-10-07T07:07:44Z,Insert,2.0,121.50,Sell
131,2021-10-07T07:09:16Z,Insert,2.0,120.00,Sell
132,2021-10-07T07:09:20.057Z,Update,1.0,121.00,Sell
133,2021-10-07T07:09:26.378Z,Update,1.0,121.00,Sell
134,2021-10-07T07:11:31.112Z,Update,1.0,118.75,Sell
135,2021-10-07T07:13:13.862Z,Update,1.0,117.50,Buy
136,2021-10-07T07:13:18.648Z,Update,2.0,117.00,Sell
137,2021-10-07T07:13:23.353Z,Update,2.0,117.00,Sell
138,2021-10-07T07:13:23Z,Insert,1.0,117.00,Sell
139,2021-10-07T07:13:26.366Z,Update,1.0,117.00,Sell
140,2021-10-07T07:13:33Z,Insert,3.0,116.00,Sell
141,2021-10-07T07:13:50.612Z,Update,2.0,115.00,Buy
142,2021-10-07T07:13:50.678Z,Update,1.0,115.00,Buy
143,2021-10-07T07:13:55.393Z,Update,1.0,115.10,Sell
144,2021-10-07T07:13:55.588Z,Update,1.0,115.00,Sell
145,2021-10-07T07:13:55.619Z,Update,1.0,115.00,Sell
146,2021-10-07T07:13:55.628Z,Update,1.0,115.00,Sell
147,2021-10-07T07:13:55Z,Insert,1.0,115.00,Sell
148,2021-10-07T07:14:19Z,Update,1.0,115.00,Sell
149,2021-10-07T07:14:19Z,Insert,1.0,115.00,Sell
150,2021-10-07T07:14:49Z,Insert,3.0,115.00,Sell
151,2021-10-07T07:15:12Z,Insert,2.0,115.00,Sell
152,2021-10-07T07:15:12Z,Insert,1.0,115.00,Sell
153,2021-10-07T07:17:11.901Z,Insert,30.0,120.00,Sell
154,2021-10-07T07:17:45Z,Insert,1.0,116.25,Sell
155,2021-10-07T07:17:47.923Z,Update,1.0,116.30,Sell
156,2021-10-07T07:17:52Z,Insert,2.0,116.00,Sell
157,2021-10-07T07:17:55Z,Insert,1.0,116.00,Sell
158,2021-10-07T07:17:58Z,Insert,1.0,116.00,Sell
159,2021-10-07T07:18:19Z,Insert,2.0,115.75,Sell
160,2021-10-07T07:18:35Z,Insert,1.0,115.50,Sell
161,2021-10-07T07:18:43.328Z,Update,1.0,115.25,Sell
162,2021-10-07T07:18:51Z,Insert,1.0,115.00,Sell
163,2021-10-07T07:18:53.67Z,Insert,1.0,116.00,Sell
164,2021-10-07T07:18:53.67Z,Insert,1.0,116.00,Sell
165,2021-10-07T07:18:57.188Z,Update,1.0,115.00,Sell
166,2021-10-07T07:18:59.344Z,Update,1.0,115.00,Sell
167,2021-10-07T07:19:52Z,Insert,2.0,114.75,Sell
168,2021-10-07T07:20:27Z,Insert,1.0,114.25,Sell
169,2021-10-07T07:20:30Z,Insert,1.0,114.25,Sell
170,2021-10-07T07:20:39.136Z,Update,2.0,114.00,Sell
171,2021-10-07T07:20:42.938Z,Update,1.0,114.00,Sell
172,2021-10-07T07:20:46Z,Insert,2.0,114.00,Sell
173,2021-10-07T07:20:59.503Z,Update,2.0,114.00,Sell
174,2021-10-07T07:21:03.046Z,Update,1.0,114.00,Sell
175,2021-10-07T07:22:13.109Z,Update,1.0,113.10,Sell
176,2021-10-07T07:22:15.328Z,Update,1.0,113.00,Sell
177,2021-10-07T07:22:15Z,Insert,1.0,113.00,Sell
178,2021-10-07T07:22:20Z,Insert,1.0,114.00,Sell
179,2021-10-07T07:22:47.31Z,Update,1.0,113.00,Sell
180,2021-10-07T07:22:54.284Z,Update,1.0,113.00,Sell
181,2021-10-07T07:23:02.527Z,Update,1.0,113.00,Sell
182,2021-10-07T07:23:05.182Z,Update,1.0,113.00,Sell
183,2021-10-07T07:23:07.973Z,Update,1.0,113.00,Sell
184,2021-10-07T07:23:12.092Z,Update,1.0,113.00,Sell
185,2021-10-07T07:23:16.062Z,Update,1.0,113.00,Sell
186,2021-10-07T07:23:20Z,Insert,1.0,113.00,Sell
187,2021-10-07T07:25:38Z,Insert,1.0,114.50,Sell
188,2021-10-07T07:25:40Z,Insert,1.0,114.01,Sell
189,2021-10-07T07:26:26Z,Insert,1.0,115.00,Sell
190,2021-10-07T07:26:32.154Z,Update,1.0,115.00,Buy
191,2021-10-07T07:26:36.576Z,Update,1.0,115.00,Buy
192,2021-10-07T07:26:51Z,Insert,1.0,117.00,Sell
193,2021-10-07T07:26:51Z,Insert,1.0,117.15,Sell
194,2021-10-07T07:27:02Z,Update,1.0,115.00,Sell
195,2021-10-07T07:27:02Z,Update,1.0,115.00,Buy
196,2021-10-07T07:27:02Z,Update,1.0,115.00,Sell
197,2021-10-07T07:27:13Z,Insert,1.0,118.00,Sell
198,2021-10-07T07:27:16Z,Insert,1.0,118.50,Sell
199,2021-10-07T07:27:20Z,Insert,1.0,118.00,Sell
200,2021-10-07T07:27:22.878Z,Update,1.0,118.10,Buy
201,2021-10-07T07:27:22Z,Insert,1.0,118.00,Sell
202,2021-10-07T07:28:07Z,Insert,1.0,118.00,Sell
203,2021-10-07T07:30:04Z,Insert,1.0,118.00,Sell
204,2021-10-07T07:30:27.309Z,Update,1.0,119.00,Sell
205,2021-10-07T07:30:30.465Z,Update,1.0,119.25,Sell
206,2021-10-07T07:30:37.184Z,Update,1.0,119.50,Sell
207,2021-10-07T07:31:16.559Z,Update,1.0,119.75,Sell
208,2021-10-07T07:31:41Z,Insert,1.0,119.50,Sell
209,2021-10-07T07:31:53Z,Insert,1.0,119.75,Sell
210,2021-10-07T07:31:55Z,Insert,1.0,119.75,Sell
211,2021-10-07T07:32:21.117Z,Update,1.0,119.50,Buy
212,2021-10-07T07:32:37Z,Insert,1.0,119.56,Sell
213,2021-10-07T07:32:40.182Z,Update,1.0,119.50,Buy
214,2021-10-07T07:32:42Z,Insert,1.0,119.55,Sell
215,2021-10-07T07:34:19.73Z,Update,1.0,119.50,Sell
216,2021-10-07T07:34:21Z,Insert,1.0,119.50,Sell
217,2021-10-07T07:34:23Z,Insert,1.0,119.50,Sell
218,2021-10-07T07:34:26Z,Insert,1.0,119.50,Sell
219,2021-10-07T07:34:26Z,Insert,1.0,119.50,Sell
220,2021-10-07T07:34:28.529Z,Update,1.0,119.50,Buy
221,2021-10-07T07:34:29Z,Insert,1.0,119.50,Sell
222,2021-10-07T07:34:31Z,Insert,1.0,119.50,Sell
223,2021-10-07T07:34:34Z,Insert,1.0,119.50,Sell
224,2021-10-07T07:34:34Z,Insert,1.0,119.50,Sell
225,2021-10-07T07:34:39Z,Insert,1.0,119.50,Sell
226,2021-10-07T07:34:45Z,Insert,1.0,119.50,Sell
227,2021-10-07T07:34:56.042Z,Update,1.0,119.75,Buy
228,2021-10-07T07:35:41Z,Insert,1.0,119.75,Sell
229,2021-10-07T07:36:06.901Z,Update,1.0,120.00,Sell
230,2021-10-07T07:36:09Z,Insert,1.0,120.00,Sell
231,2021-10-07T07:36:17Z,Insert,1.0,120.00,Sell
232,2021-10-07T07:36:22.088Z,Update,2.0,120.00,Buy
233,2021-10-07T07:36:22Z,Insert,3.0,120.00,Sell
234,2021-10-07T07:37:04Z,Insert,1.0,119.50,Sell
235,2021-10-07T07:40:05.181Z,Update,1.0,119.55,Sell
236,2021-10-07T07:40:44Z,Insert,1.0,119.75,Sell
237,2021-10-07T07:41:01.743Z,Update,1.0,120.00,Sell
238,2021-10-07T07:41:16.868Z,Update,1.0,120.00,Sell
239,2021-10-07T07:41:45.993Z,Update,1.0,120.15,Sell
240,2021-10-07T07:41:53.586Z,Update,1.0,120.30,Sell
241,2021-10-07T07:42:41.055Z,Update,1.0,120.45,Sell
242,2021-10-07T07:42:46Z,Insert,1.0,120.50,Sell
243,2021-10-07T07:42:51.398Z,Update,1.0,120.60,Sell
244,2021-10-07T07:42:53.977Z,Update,1.0,120.75,Sell
245,2021-10-07T07:43:28Z,Insert,1.0,120.90,Sell
246,2021-10-07T07:43:35.508Z,Update,1.0,120.90,Sell
247,2021-10-07T07:43:44.507Z,Update,1.0,121.05,Sell
248,2021-10-07T07:43:47.179Z,Update,1.0,121.05,Sell
249,2021-10-07T07:43:51Z,Insert,1.0,121.05,Sell
250,2021-10-07T07:44:03Z,Insert,1.0,121.20,Sell
251,2021-10-07T07:45:09.507Z,Update,1.0,121.25,Sell
252,2021-10-07T07:45:14Z,Insert,1.0,121.35,Sell
253,2021-10-07T07:45:20.288Z,Update,1.0,121.45,Sell
254,2021-10-07T07:45:23Z,Insert,1.0,121.50,Sell
255,2021-10-07T07:45:41.321Z,Update,1.0,121.50,Buy
256,2021-10-07T07:45:44.087Z,Update,1.0,121.50,Buy
257,2021-10-07T07:45:54.282Z,Update,1.0,121.50,Buy
258,2021-10-07T07:45:57.272Z,Update,1.0,121.65,Sell
259,2021-10-07T07:45:59.882Z,Update,1.0,121.85,Sell
260,2021-10-07T07:46:05Z,Insert,1.0,122.00,Sell
261,2021-10-07T07:46:06Z,Insert,1.0,122.00,Sell
262,2021-10-07T07:46:14.835Z,Update,1.0,122.05,Sell
263,2021-10-07T07:46:17.553Z,Update,1.0,122.25,Sell
264,2021-10-07T07:46:24.975Z,Update,1.0,122.45,Buy
265,2021-10-07T07:47:45Z,Insert,1.0,123.50,Sell
266,2021-10-07T07:47:48.87Z,Update,1.0,123.50,Buy
267,2021-10-07T07:47:56Z,Insert,3.0,124.00,Sell
268,2021-10-07T07:47:57.841Z,Update,1.0,124.00,Sell
269,2021-10-07T07:47:57Z,Insert,1.0,124.00,Sell
270,2021-10-07T07:48:03Z,Insert,1.0,124.00,Sell
271,2021-10-07T07:48:26.947Z,Update,1.0,124.00,Sell
272,2021-10-07T07:48:26Z,Insert,1.0,124.00,Sell
273,2021-10-07T07:48:51.292Z,Update,1.0,124.00,Sell
274,2021-10-07T07:48:55Z,Insert,1.0,123.81,Sell
275,2021-10-07T07:48:57.703Z,Insert,1.0,124.00,Buy
276,2021-10-07T07:48:57.703Z,Insert,1.0,124.00,Buy
277,2021-10-07T07:48:59Z,Insert,1.0,123.80,Sell
278,2021-10-07T07:49:24Z,Insert,1.0,124.00,Sell
279,2021-10-07T07:50:00Z,Update,5.0,123.50,Sell
280,2021-10-07T07:50:00Z,Insert,5.0,123.50,Buy
281,2021-10-07T07:51:52.179Z,Update,2.0,123.00,Buy
282,2021-10-07T07:52:27Z,Insert,1.0,122.50,Sell
283,2021-10-07T07:52:45Z,Insert,2.0,123.00,Sell
284,2021-10-07T07:53:21Z,Insert,1.0,123.00,Sell
285,2021-10-07T07:55:56.856Z,Update,1.0,122.000,Sell
286,2021-10-07T07:56:13Z,Insert,2.0,122.00,Sell
287,2021-10-07T07:56:30.972Z,Update,1.0,121.75,Sell
288,2021-10-07T07:57:45Z,Insert,2.0,120.75,Sell
289,2021-10-07T07:57:49Z,Insert,1.0,120.50,Sell
290,2021-10-07T07:58:01Z,Insert,1.0,120.25,Sell
291,2021-10-07T07:59:07Z,Insert,1.0,120.00,Sell
292,2021-10-07T08:00:14Z,Insert,1.0,120.00,Sell
293,2021-10-07T08:00:20Z,Insert,1.0,119.75,Sell
294,2021-10-07T08:00:49.087Z,Update,1.0,119.75,Buy
295,2021-10-07T08:00:52.845Z,Update,1.0,119.75,Buy
296,2021-10-07T08:01:12Z,Insert,1.0,119.75,Sell
297,2021-10-07T08:01:15.017Z,Update,1.0,119.75,Sell
298,2021-10-07T08:01:38.173Z,Update,1.0,119.75,Buy
299,2021-10-07T08:02:33.104Z,Update,1.0,119.50,Sell
300,2021-10-07T08:02:48Z,Insert,1.0,119.75,Sell
301,2021-10-07T08:03:03Z,Insert,1.0,119.50,Sell
302,2021-10-07T08:03:09.157Z,Update,1.0,119.50,Sell
303,2021-10-07T08:03:26.063Z,Update,1.0,119.20,Buy
304,2021-10-07T08:04:01Z,Insert,1.0,119.50,Sell
305,2021-10-07T08:05:51.078Z,Update,1.0,120.00,Sell
306,2021-10-07T08:05:51.078Z,Update,1.0,120.00,Buy
307,2021-10-07T08:08:12Z,Insert,1.0,120.16,Sell
308,2021-10-07T08:08:14Z,Insert,1.0,120.15,Sell
309,2021-10-07T08:08:22.374Z,Update,1.0,120.50,Sell
310,2021-10-07T08:08:22.374Z,Update,1.0,120.50,Buy
311,2021-10-07T08:14:43Z,Insert,1.0,120.00,Sell
312,2021-10-07T08:17:46Z,Insert,1.0,122.50,Sell
313,2021-10-07T08:18:23Z,Insert,1.0,123.00,Sell
314,2021-10-07T08:22:34Z,Insert,2.0,122.40,Sell
315,2021-10-07T08:24:35Z,Insert,1.0,122.50,Sell
316,2021-10-07T08:24:35Z,Update,1.0,122.50,Sell
317,2021-10-07T08:26:29Z,Insert,1.0,123.00,Sell
318,2021-10-07T08:26:36.837Z,Update,1.0,122.75,Buy
319,2021-10-07T08:26:39Z,Insert,1.0,123.00,Sell
320,2021-10-07T08:26:41Z,Insert,1.0,123.00,Sell
321,2021-10-07T08:26:44.531Z,Update,1.0,123.00,Buy
322,2021-10-07T08:27:11.226Z,Update,2.0,123.00,Buy
323,2021-10-07T08:27:14Z,Insert,2.0,123.30,Sell
324,2021-10-07T08:27:17Z,Insert,1.0,123.60,Sell
325,2021-10-07T08:27:24Z,Insert,1.0,123.60,Sell
326,2021-10-07T08:27:26Z,Insert,1.0,123.90,Sell
327,2021-10-07T08:27:32.257Z,Update,1.0,124.00,Sell
328,2021-10-07T08:27:32Z,Insert,1.0,124.00,Buy
329,2021-10-07T08:27:36Z,Insert,1.0,124.00,Sell
330,2021-10-07T08:27:49Z,Insert,1.0,124.00,Sell
331,2021-10-07T08:27:55.07Z,Update,1.0,124.50,Sell
332,2021-10-07T08:28:27Z,Insert,1.0,125.00,Sell
333,2021-10-07T08:28:29Z,Insert,1.0,125.00,Sell
334,2021-10-07T08:29:01Z,Insert,1.0,126.00,Sell
335,2021-10-07T08:29:02Z,Insert,1.0,126.03,Sell
336,2021-10-07T08:29:11.751Z,Update,2.0,126.00,Buy
337,2021-10-07T08:29:50Z,Insert,1.0,126.00,Sell
338,2021-10-07T08:30:00Z,Update,4.0,130.00,Buy
339,2021-10-07T08:30:40Z,Insert,1.0,126.00,Sell
340,2021-10-07T08:31:01.781Z,Update,1.0,127.00,Buy
341,2021-10-07T08:32:05Z,Insert,1.0,127.00,Sell
342,2021-10-07T08:32:38.919Z,Update,1.0,127.00,Sell
343,2021-10-07T08:33:00Z,Update,9.0,127.50,Buy
344,2021-10-07T08:33:36Z,Insert,1.0,127.00,Sell
345,2021-10-07T08:33:49.145Z,Update,1.0,127.40,Sell
346,2021-10-07T08:33:55.583Z,Update,1.0,127.40,Sell
347,2021-10-07T08:34:00Z,Insert,9.0,127.50,Sell
348,2021-10-07T08:34:05Z,Insert,1.0,127.50,Sell
349,2021-10-07T08:34:48Z,Insert,1.0,127.50,Sell
350,2021-10-07T08:35:06.877Z,Update,1.0,128.00,Buy
351,2021-10-07T08:38:10.16Z,Update,1.0,127.75,Sell
352,2021-10-07T08:38:18.217Z,Update,1.0,128.00,Sell
353,2021-10-07T08:38:18Z,Insert,1.0,128.00,Buy
354,2021-10-07T08:38:21.46Z,Update,2.0,128.00,Sell
355,2021-10-07T08:38:48Z,Insert,1.0,127.40,Sell
356,2021-10-07T08:39:40.893Z,Update,2.0,128.00,Buy
357,2021-10-07T08:41:20.388Z,Update,1.0,128.75,Sell
358,2021-10-07T08:41:21Z,Insert,1.0,129.00,Sell
359,2021-10-07T08:41:43.563Z,Update,1.0,129.000,Sell
360,2021-10-07T08:42:08.986Z,Update,1.0,129.00,Sell
361,2021-10-07T08:42:21Z,Insert,2.0,129.00,Sell
362,2021-10-07T08:42:28.941Z,Insert,1.0,129.00,Buy
363,2021-10-07T08:43:06Z,Insert,1.0,129.50,Sell
364,2021-10-07T08:43:20.277Z,Update,1.0,129.50,Sell
365,2021-10-07T08:43:23Z,Insert,1.0,129.50,Sell
366,2021-10-07T08:43:26Z,Insert,1.0,129.50,Sell
367,2021-10-07T08:43:42.906Z,Update,1.0,127.00,Sell
368,2021-10-07T08:43:46.213Z,Update,1.0,129.50,Sell
369,2021-10-07T08:44:05Z,Insert,1.0,129.69,Sell
370,2021-10-07T08:45:06Z,Insert,1.0,129.00,Sell
371,2021-10-07T08:45:09Z,Insert,1.0,129.00,Sell
372,2021-10-07T08:45:30Z,Insert,1.0,129.90,Sell
373,2021-10-07T08:45:39Z,Insert,1.0,130.00,Sell
374,2021-10-07T08:45:47Z,Insert,1.0,130.90,Sell
375,2021-10-07T08:45:53Z,Insert,1.0,130.00,Sell
376,2021-10-07T08:45:58Z,Insert,1.0,131.00,Sell
377,2021-10-07T08:46:54.969Z,Update,1.0,129.00,Sell
378,2021-10-07T08:47:44Z,Insert,1.0,129.01,Sell
379,2021-10-07T08:47:49Z,Insert,1.0,129.00,Sell
380,2021-10-07T08:47:58Z,Insert,1.0,129.01,Sell
381,2021-10-07T08:48:41Z,Insert,1.0,129.00,Sell
382,2021-10-07T08:50:00Z,Insert,1.0,129.25,Sell
383,2021-10-07T08:50:18.183Z,Update,1.0,129.250,Sell
384,2021-10-07T08:51:10.557Z,Update,1.0,129.250,Sell
385,2021-10-07T08:52:26.107Z,Update,1.0,129.25,Sell
386,2021-10-07T08:52:26.107Z,Update,1.0,129.25,Buy
387,2021-10-07T08:53:09Z,Insert,1.0,129.05,Sell
388,2021-10-07T08:53:23.653Z,Update,1.0,129.00,Sell
389,2021-10-07T08:55:10.193Z,Update,1.0,129.50,Buy
390,2021-10-07T08:55:10.513Z,Update,2.0,129.75,Sell
391,2021-10-07T08:55:45Z,Insert,1.0,130.00,Sell
392,2021-10-07T08:55:52.345Z,Update,2.0,130.00,Buy
393,2021-10-07T08:58:16.121Z,Update,1.0,130.05,Sell
394,2021-10-07T08:58:52.589Z,Update,1.0,130.00,Sell
395,2021-10-07T08:59:02Z,Insert,1.0,130.00,Sell
396,2021-10-07T08:59:29.12Z,Update,1.0,130.00,Sell
397,2021-10-07T08:59:59Z,Update,1.0,130.00,Sell
398,2021-10-07T09:01:00.948Z,Insert,1.0,130.00,Buy
399,2021-10-07T09:01:23.057Z,Update,1.0,130.10,Sell
400,2021-10-07T09:01:59Z,Update,1.0,130.00,Sell
401,2021-10-07T09:02:04.213Z,Update,1.0,131.00,Sell
402,2021-10-07T09:02:08.869Z,Update,1.0,131.25,Sell
403,2021-10-07T09:02:22.463Z,Insert,1.0,130.00,Buy
404,2021-10-07T09:02:29.057Z,Update,1.0,131.50,Sell
405,2021-10-07T09:02:44Z,Insert,1.0,131.00,Sell
406,2021-10-07T09:02:56Z,Insert,1.0,131.00,Sell
407,2021-10-07T09:03:18Z,Insert,2.0,131.50,Sell
408,2021-10-07T09:03:27Z,Insert,4.0,131.00,Sell
409,2021-10-07T09:03:54Z,Insert,1.0,131.40,Sell
410,2021-10-07T09:04:05Z,Insert,1.0,131.40,Sell
411,2021-10-07T09:06:03Z,Insert,1.0,131.80,Sell
412,2021-10-07T09:06:50.962Z,Update,1.0,132.00,Sell
413,2021-10-07T09:07:36.779Z,Update,1.0,132.50,Sell
414,2021-10-07T09:07:38Z,Insert,1.0,132.51,Sell
415,2021-10-07T09:07:46Z,Insert,1.0,133.00,Sell
416,2021-10-07T09:08:16Z,Insert,1.0,133.50,Sell
417,2021-10-07T09:08:26Z,Insert,1.0,134.00,Sell
418,2021-10-07T09:08:35Z,Insert,1.0,133.50,Sell
419,2021-10-07T09:08:41.834Z,Update,1.0,134.00,Buy
420,2021-10-07T09:09:14Z,Insert,3.0,135.00,Sell
421,2021-10-07T09:09:53Z,Insert,1.0,135.50,Sell
422,2021-10-07T09:10:02Z,Insert,1.0,136.00,Sell
423,2021-10-07T09:11:07Z,Insert,3.0,134.50,Sell
424,2021-10-07T09:11:31Z,Insert,1.0,134.00,Sell
425,2021-10-07T09:11:35Z,Insert,1.0,134.00,Sell
426,2021-10-07T09:12:03.8Z,Update,1.0,134.20,Sell
427,2021-10-07T09:12:46.271Z,Update,1.0,133.25,Sell
428,2021-10-07T09:13:16.707Z,Update,2.0,133.00,Sell
429,2021-10-07T09:14:02Z,Update,1.0,131.50,Sell
430,2021-10-07T09:14:32.032Z,Update,2.0,133.50,Buy
431,2021-10-07T09:15:16.396Z,Update,1.0,133.25,Buy
432,2021-10-07T09:15:23Z,Insert,2.0,133.50,Sell
433,2021-10-07T09:18:29.087Z,Update,1.0,133.00,Sell
434,2021-10-07T09:18:34.24Z,Update,1.0,133.00,Sell
435,2021-10-07T09:18:36.776Z,Update,1.0,132.50,Sell
436,2021-10-07T09:18:43.451Z,Update,1.0,132.50,Sell
437,2021-10-07T09:18:47.291Z,Insert,1.0,132.50,Sell
438,2021-10-07T09:19:19Z,Insert,1.0,132.50,Sell
439,2021-10-07T09:19:36.519Z,Update,3.0,132.00,Sell
440,2021-10-07T09:19:39.019Z,Update,1.0,132.00,Sell
441,2021-10-07T09:19:55.56Z,Insert,5.0,133.50,Sell
442,2021-10-07T09:19:55.56Z,Insert,5.0,133.50,Sell
443,2021-10-07T09:19:55.56Z,Update,5.0,133.510,Sell
444,2021-10-07T09:20:03Z,Insert,1.0,132.00,Sell
445,2021-10-07T09:20:19.285Z,Insert,5.0,132.25,Sell
446,2021-10-07T09:21:32.151Z,Update,1.0,131.50,Sell
447,2021-10-07T09:22:01Z,Insert,1.0,132.00,Sell
448,2021-10-07T09:22:10Z,Insert,8.0,132.00,Sell
449,2021-10-07T09:22:17Z,Insert,1.0,132.00,Sell
450,2021-10-07T09:22:21Z,Insert,1.0,132.01,Sell
451,2021-10-07T09:22:22Z,Insert,1.0,132.00,Sell
452,2021-10-07T09:22:51Z,Insert,1.0,132.00,Sell
453,2021-10-07T09:24:56.768Z,Update,1.0,133.70,Sell
454,2021-10-07T09:24:56.986Z,Update,1.0,133.00,Sell
455,2021-10-07T09:27:43Z,Insert,1.0,132.50,Sell
456,2021-10-07T09:27:52Z,Insert,1.0,132.50,Sell
457,2021-10-07T09:27:52Z,Insert,1.0,132.50,Sell
458,2021-10-07T09:28:00Z,Insert,1.0,132.50,Sell
459,2021-10-07T09:30:54Z,Insert,1.0,132.25,Sell
460,2021-10-07T09:33:00Z,Insert,5.0,132.25,Sell
461,2021-10-07T09:33:00Z,Insert,5.0,132.25,Sell
462,2021-10-07T09:34:21.137Z,Update,1.0,131.75,Sell
463,2021-10-07T09:34:21Z,Insert,5.0,132.25,Sell
464,2021-10-07T09:34:28Z,Insert,1.0,131.25,Sell
465,2021-10-07T09:35:45Z,Insert,1.0,131.25,Sell
466,2021-10-07T09:38:28Z,Insert,1.0,132.25,Sell
467,2021-10-07T09:38:31Z,Insert,1.0,132.25,Sell
468,2021-10-07T09:38:54Z,Insert,1.0,132.15,Sell
469,2021-10-07T09:39:34Z,Insert,1.0,132.15,Sell
470,2021-10-07T09:39:55Z,Insert,1.0,132.15,Sell
471,2021-10-07T09:39:58Z,Insert,1.0,132.15,Sell
472,2021-10-07T09:40:00Z,Insert,1.0,132.15,Sell
473,2021-10-07T09:40:01Z,Insert,1.0,132.15,Sell
474,2021-10-07T09:40:05Z,Insert,1.0,132.15,Sell
475,2021-10-07T09:40:55Z,Update,3.0,132.15,Sell
476,2021-10-07T09:41:40Z,Insert,1.0,132.50,Sell
477,2021-10-07T09:41:45Z,Insert,1.0,132.50,Sell
478,2021-10-07T09:41:49Z,Insert,1.0,132.50,Sell
479,2021-10-07T09:42:35Z,Insert,1.0,132.75,Sell
480,2021-10-07T09:45:39.463Z,Update,1.0,133.00,Sell
481,2021-10-07T09:46:33.98Z,Update,1.0,132.00,Sell
482,2021-10-07T09:46:33Z,Insert,1.0,132.00,Sell
483,2021-10-07T09:47:57.921Z,Update,1.0,132.50,Sell
484,2021-10-07T09:47:57Z,Insert,1.0,132.50,Sell
485,2021-10-07T09:47:58Z,Insert,1.0,132.50,Sell
486,2021-10-07T09:48:05Z,Insert,1.0,132.55,Sell
487,2021-10-07T09:48:09Z,Insert,1.0,132.55,Sell
488,2021-10-07T09:48:09Z,Insert,1.0,132.55,Sell
489,2021-10-07T09:50:00Z,Update,8.0,132.50,Sell
490,2021-10-07T09:50:00Z,Insert,8.0,132.50,Sell
491,2021-10-07T09:51:03Z,Insert,1.0,133.50,Sell
492,2021-10-07T09:51:30Z,Insert,1.0,133.50,Sell
493,2021-10-07T09:54:37.425Z,Insert,1.0,133.50,Buy
494,2021-10-07T09:56:56Z,Insert,2.0,133.75,Sell
495,2021-10-07T09:56:59Z,Insert,1.0,133.75,Sell
496,2021-10-07T09:57:02Z,Insert,1.0,133.75,Sell
497,2021-10-07T09:58:45.822Z,Update,5.0,134.00,Buy
498,2021-10-07T10:01:03Z,Insert,3.0,135.00,Sell
499,2021-10-07T10:02:09.304Z,Update,1.0,135.00,Buy
500,2021-10-07T10:02:20Z,Insert,1.0,136.00,Sell
501,2021-10-07T10:03:00Z,Insert,1.0,136.00,Sell
502,2021-10-07T10:03:18Z,Insert,1.0,136.00,Sell
503,2021-10-07T10:03:41Z,Insert,1.0,136.00,Sell
504,2021-10-07T10:04:45Z,Insert,1.0,136.00,Sell
505,2021-10-07T10:05:50Z,Insert,1.0,136.50,Sell
506,2021-10-07T10:06:00Z,Update,1.0,136.50,Buy
507,2021-10-07T10:11:18Z,Insert,2.0,135.50,Sell
508,2021-10-07T10:13:38.442Z,Update,2.0,134.00,Sell
509,2021-10-07T10:13:39Z,Insert,1.0,134.00,Sell
510,2021-10-07T10:13:44Z,Insert,1.0,133.75,Sell
511,2021-10-07T10:13:56Z,Insert,2.0,133.50,Sell
512,2021-10-07T10:14:08Z,Insert,1.0,133.50,Sell
513,2021-10-07T10:17:55Z,Insert,4.0,133.50,Sell
514,2021-10-07T10:18:14Z,Update,4.0,133.50,Sell
515,2021-10-07T10:22:23.408Z,Update,2.0,133.50,Sell
516,2021-10-07T10:23:06Z,Insert,1.0,133.50,Sell
517,2021-10-07T10:28:27Z,Insert,1.0,133.65,Sell
518,2021-10-07T10:31:10Z,Insert,1.0,133.50,Sell
519,2021-10-07T10:31:36.92Z,Update,1.0,133.25,Buy
520,2021-10-07T10:32:21.05Z,Update,1.0,133.00,Buy
521,2021-10-07T10:32:22.507Z,Update,1.0,133.00,Buy
522,2021-10-07T10:32:25.842Z,Update,1.0,133.00,Buy
523,2021-10-07T10:32:26.167Z,Update,1.0,133.00,Buy
524,2021-10-07T10:32:28.701Z,Update,5.0,133.25,Sell
525,2021-10-07T10:32:28.701Z,Update,5.0,133.25,Sell
526,2021-10-07T10:32:29.07Z,Update,1.0,133.00,Buy
527,2021-10-07T10:32:37.107Z,Update,1.0,133.10,Buy
528,2021-10-07T10:33:05.076Z,Update,1.0,133.00,Sell
529,2021-10-07T10:33:05Z,Insert,1.0,133.00,Sell
530,2021-10-07T10:35:15Z,Insert,1.0,133.15,Sell
531,2021-10-07T10:35:53Z,Insert,1.0,133.25,Sell
532,2021-10-07T10:38:18.387Z,Update,1.0,133.50,Sell
533,2021-10-07T10:41:09Z,Update,5.0,133.510,Sell
534,2021-10-07T10:41:09Z,Insert,5.0,133.50,Sell
535,2021-10-07T10:41:09Z,Insert,5.0,133.50,Sell
536,2021-10-07T10:41:09Z,Insert,5.0,133.50,Sell
537,2021-10-07T10:43:14Z,Insert,1.0,134.10,Buy
538,2021-10-07T10:43:36.888Z,Insert,1.0,134.00,Buy
539,2021-10-07T10:43:36Z,Insert,1.0,134.10,Sell
540,2021-10-07T10:45:47Z,Insert,1.0,134.00,Sell
541,2021-10-07T10:49:27Z,Insert,1.0,134.00,Sell
542,2021-10-07T10:49:30.23Z,Update,1.0,134.00,Buy
543,2021-10-07T10:51:33.881Z,Update,1.0,134.75,Buy
544,2021-10-07T10:51:53Z,Insert,2.0,135.00,Sell
545,2021-10-07T10:51:59Z,Insert,2.0,135.00,Sell
546,2021-10-07T10:52:03Z,Insert,1.0,135.00,Sell
547,2021-10-07T10:52:04Z,Insert,1.0,135.00,Sell
548,2021-10-07T10:52:10Z,Insert,1.0,135.00,Sell
549,2021-10-07T10:55:16Z,Insert,1.0,136.00,Sell
550,2021-10-07T10:56:14Z,Insert,2.0,137.00,Sell
551,2021-10-07T10:56:32Z,Insert,5.0,137.50,Sell
552,2021-10-07T10:56:32Z,Insert,5.0,137.50,Sell
553,2021-10-07T10:56:32Z,Insert,5.0,137.50,Sell
554,2021-10-07T10:56:36.31Z,Update,1.0,137.00,Sell
555,2021-10-07T10:56:39.911Z,Update,1.0,137.00,Sell
556,2021-10-07T10:56:50Z,Insert,1.0,136.00,Sell
557,2021-10-07T10:56:52Z,Insert,1.0,136.00,Sell
558,2021-10-07T10:56:52Z,Insert,1.0,136.00,Sell
559,2021-10-07T10:56:53Z,Insert,1.0,136.00,Sell
560,2021-10-07T10:56:54Z,Insert,1.0,136.00,Sell
561,2021-10-07T10:56:56Z,Insert,1.0,136.10,Sell
562,2021-10-07T10:57:11Z,Insert,5.0,137.50,Sell
563,2021-10-07T10:57:11Z,Insert,5.0,137.50,Sell
564,2021-10-07T10:57:25Z,Insert,2.0,137.50,Sell
565,2021-10-07T10:57:47Z,Insert,1.0,137.50,Sell
566,2021-10-07T10:57:55Z,Insert,1.0,137.25,Sell
567,2021-10-07T11:00:27.665Z,Update,1.0,137.00,Sell
568,2021-10-07T11:00:37.771Z,Update,1.0,137.00,Sell
569,2021-10-07T11:00:40.571Z,Update,1.0,137.00,Sell
570,2021-10-07T11:00:43.562Z,Update,1.0,137.00,Sell
571,2021-10-07T11:00:51.682Z,Update,1.0,137.00,Sell
572,2021-10-07T11:01:13.535Z,Update,1.0,136.90,Sell
573,2021-10-07T11:01:36Z,Insert,1.0,137.00,Sell
574,2021-10-07T11:02:10Z,Insert,1.0,137.00,Sell
575,2021-10-07T11:05:00Z,Update,5.0,137.00,Sell
576,2021-10-07T11:05:00Z,Update,5.0,137.00,Buy
577,2021-10-07T11:05:00Z,Update,5.0,137.00,Buy
578,2021-10-07T11:06:48Z,Insert,1.0,136.65,Sell
579,2021-10-07T11:10:00Z,Update,10.0,137.00,Sell
580,2021-10-07T11:10:00Z,Insert,10.0,137.00,Sell
581,2021-10-07T11:10:00Z,Update,10.0,137.00,Sell
582,2021-10-07T11:10:00Z,Insert,10.0,137.00,Sell
583,2021-10-07T11:11:18.926Z,Insert,1.0,136.85,Buy
584,2021-10-07T11:11:22.855Z,Insert,1.0,136.85,Buy
585,2021-10-07T11:11:25.691Z,Insert,1.0,136.85,Buy
586,2021-10-07T11:14:01.139Z,Update,1.0,136.80,Buy
587,2021-10-07T11:14:10Z,Insert,1.0,136.85,Sell
588,2021-10-07T11:14:32.358Z,Update,1.0,136.85,Buy
589,2021-10-07T11:16:01Z,Update,1.0,136.90,Sell
590,2021-10-07T11:17:33.6Z,Insert,1.0,136.85,Buy
591,2021-10-07T11:17:36Z,Insert,1.0,136.85,Sell
592,2021-10-07T11:17:39.023Z,Insert,1.0,136.85,Buy
593,2021-10-07T11:17:53Z,Insert,1.0,137.00,Sell
594,2021-10-07T11:18:55Z,Update,1.0,136.85,Sell
595,2021-10-07T11:19:36Z,Insert,1.0,137.50,Sell
596,2021-10-07T11:19:55Z,Insert,1.0,137.62,Sell
597,2021-10-07T11:21:25.67Z,Update,1.0,138.00,Buy
598,2021-10-07T11:21:28.62Z,Update,1.0,138.00,Buy
599,2021-10-07T11:21:31.647Z,Update,1.0,138.00,Buy
600,2021-10-07T11:21:43Z,Insert,5.0,138.00,Sell
601,2021-10-07T11:24:26.701Z,Update,1.0,138.00,Sell
602,2021-10-07T11:24:38.029Z,Update,1.0,137.70,Sell
603,2021-10-07T11:25:01Z,Insert,1.0,138.00,Sell
604,2021-10-07T11:26:30.602Z,Update,1.0,138.20,Sell
605,2021-10-07T11:26:53.495Z,Update,1.0,138.00,Sell
606,2021-10-07T11:26:56.51Z,Update,1.0,138.00,Sell
607,2021-10-07T11:26:58.893Z,Update,1.0,138.00,Sell
608,2021-10-07T11:27:02.835Z,Update,1.0,138.00,Sell
609,2021-10-07T11:27:14.938Z,Update,1.0,138.00,Sell
610,2021-10-07T11:30:00Z,Insert,25.0,137.00,Sell
611,2021-10-07T11:30:00Z,Update,25.0,137.00,Sell
612,2021-10-07T11:36:09.51Z,Update,1.0,137.50,Buy
613,2021-10-07T11:36:32.464Z,Update,1.0,137.50,Buy
614,2021-10-07T11:37:00Z,Update,5.0,137.80,Buy
615,2021-10-07T11:37:00Z,Update,4.0,137.80,Sell
616,2021-10-07T11:37:00Z,Update,4.0,137.80,Buy
617,2021-10-07T11:37:00Z,Insert,4.0,137.80,Sell
618,2021-10-07T11:37:00Z,Insert,5.0,137.80,Sell
619,2021-10-07T11:37:00Z,Insert,5.0,137.80,Sell
620,2021-10-07T11:37:00Z,Update,5.0,137.80,Buy
621,2021-10-07T11:37:00Z,Insert,4.0,137.80,Buy
622,2021-10-07T11:38:23.323Z,Insert,1.0,136.85,Sell
623,2021-10-07T11:38:26Z,Insert,1.0,136.76,Sell
624,2021-10-07T11:40:22.437Z,Insert,1.0,136.50,Sell
625,2021-10-07T11:40:22Z,Insert,1.0,136.40,Sell
626,2021-10-07T11:46:20Z,Insert,1.0,135.75,Sell
627,2021-10-07T11:46:25Z,Insert,1.0,135.75,Sell
628,2021-10-07T11:48:00Z,Insert,1.0,135.75,Sell
629,2021-10-07T11:48:43Z,Insert,1.0,135.50,Sell
630,2021-10-07T11:49:40Z,Insert,3.0,134.75,Sell
631,2021-10-07T11:49:46Z,Insert,1.0,134.70,Sell
632,2021-10-07T11:50:18Z,Insert,3.0,134.75,Sell
633,2021-10-07T11:51:21Z,Insert,1.0,134.50,Sell
634,2021-10-07T11:51:54Z,Insert,1.0,134.50,Sell
635,2021-10-07T11:52:19.766Z,Update,2.0,133.00,Buy
636,2021-10-07T11:52:35Z,Insert,1.0,134.00,Sell
637,2021-10-07T11:53:09Z,Insert,2.0,134.25,Sell
638,2021-10-07T11:54:01Z,Update,2.0,134.00,Sell
639,2021-10-07T11:54:10.984Z,Update,1.0,134.00,Sell
640,2021-10-07T11:54:15.353Z,Insert,2.0,134.00,Sell
641,2021-10-07T11:54:27Z,Insert,2.0,133.50,Sell
642,2021-10-07T11:54:42Z,Insert,1.0,133.05,Sell
643,2021-10-07T11:54:44.514Z,Update,1.0,133.00,Sell
644,2021-10-07T11:54:50Z,Insert,1.0,133.00,Sell
645,2021-10-07T11:56:05Z,Insert,1.0,132.75,Sell
646,2021-10-07T11:56:17Z,Insert,1.0,132.55,Sell
647,2021-10-07T11:56:21.472Z,Update,1.0,132.50,Sell
648,2021-10-07T11:56:36Z,Insert,1.0,132.00,Sell
649,2021-10-07T11:56:41Z,Insert,1.0,132.00,Sell
650,2021-10-07T11:56:44.321Z,Update,1.0,132.00,Buy
651,2021-10-07T11:56:44Z,Insert,1.0,132.00,Sell
652,2021-10-07T11:56:45.69Z,Update,1.0,132.000,Buy
653,2021-10-07T11:58:21Z,Insert,1.0,131.25,Sell
654,2021-10-07T11:58:24Z,Insert,1.0,131.25,Sell
655,2021-10-07T11:58:27Z,Insert,1.0,131.25,Sell
656,2021-10-07T11:58:27Z,Insert,1.0,131.25,Sell
657,2021-10-07T11:58:27Z,Insert,1.0,131.25,Sell
658,2021-10-07T11:58:42.319Z,Update,1.0,131.250,Buy
659,2021-10-07T11:58:49Z,Insert,1.0,131.25,Sell
660,2021-10-07T11:58:55.592Z,Update,1.0,131.250,Sell
661,2021-10-07T11:58:59.519Z,Update,1.0,131.250,Sell
662,2021-10-07T11:59:02.467Z,Update,2.0,131.250,Sell
663,2021-10-07T11:59:08Z,Insert,1.0,131.40,Sell
664,2021-10-07T11:59:18Z,Insert,1.0,131.25,Sell
665,2021-10-07T11:59:25Z,Insert,1.0,131.25,Sell
666,2021-10-07T11:59:27.926Z,Update,1.0,131.250,Buy
667,2021-10-07T11:59:31.571Z,Update,2.0,131.250,Buy
668,2021-10-07T11:59:37Z,Insert,1.0,131.25,Sell
669,2021-10-07T11:59:38Z,Insert,1.0,131.25,Sell
670,2021-10-07T11:59:38Z,Insert,1.0,131.25,Sell
671,2021-10-07T11:59:44Z,Insert,1.0,131.25,Sell
672,2021-10-07T11:59:47Z,Insert,1.0,131.25,Sell
673,2021-10-07T11:59:55.729Z,Update,5.0,131.40,Buy
674,2021-10-07T12:00:00Z,Update,5.0,131.00,Sell
675,2021-10-07T12:00:29.214Z,Update,1.0,131.400,Sell
676,2021-10-07T12:00:30.072Z,Update,4.0,131.400,Sell
677,2021-10-07T12:00:49Z,Insert,1.0,131.40,Sell
678,2021-10-07T12:02:28Z,Insert,1.0,131.50,Sell
679,2021-10-07T12:02:40Z,Insert,1.0,131.00,Sell
680,2021-10-07T12:02:47.84Z,Update,1.0,131.00,Sell
681,2021-10-07T12:03:03Z,Insert,1.0,130.75,Sell
682,2021-10-07T12:03:15Z,Insert,5.0,131.00,Sell
683,2021-10-07T12:03:34.99Z,Update,2.0,131.00,Buy
684,2021-10-07T12:04:30Z,Insert,4.0,131.25,Sell
685,2021-10-07T12:06:12Z,Insert,2.0,131.50,Sell
686,2021-10-07T12:06:15Z,Insert,1.0,131.50,Sell
687,2021-10-07T12:06:19Z,Insert,1.0,131.50,Sell
688,2021-10-07T12:06:40Z,Insert,1.0,131.50,Sell
689,2021-10-07T12:08:10Z,Insert,3.0,131.10,Sell
690,2021-10-07T12:10:44Z,Insert,6.0,131.25,Buy
691,2021-10-07T12:10:44Z,Insert,6.0,131.25,Sell
692,2021-10-07T12:11:59Z,Update,6.0,131.25,Buy
693,2021-10-07T12:17:09Z,Insert,5.0,131.85,Sell
694,2021-10-07T12:17:10.237Z,Update,5.0,131.75,Buy
695,2021-10-07T12:17:21.264Z,Update,1.0,132.00,Buy
696,2021-10-07T12:17:22.171Z,Update,1.0,132.00,Buy
697,2021-10-07T12:17:22.442Z,Update,1.0,132.00,Buy
698,2021-10-07T12:17:25.195Z,Update,1.0,132.00,Buy
699,2021-10-07T12:20:15.175Z,Update,1.0,132.00,Buy
700,2021-10-07T12:20:25.276Z,Update,1.0,132.00,Buy
701,2021-10-07T12:20:28.461Z,Update,1.0,132.00,Buy
702,2021-10-07T12:22:01Z,Insert,1.0,132.00,Sell
703,2021-10-07T12:22:29Z,Insert,1.0,132.15,Sell
704,2021-10-07T12:22:55Z,Insert,1.0,132.50,Sell
705,2021-10-07T12:28:58.411Z,Update,1.0,132.50,Buy
706,2021-10-07T12:29:41.815Z,Update,1.0,132.75,Sell
707,2021-10-07T12:29:59Z,Insert,4.0,133.00,Sell
708,2021-10-07T12:30:02.873Z,Update,1.0,133.00,Buy
709,2021-10-07T12:30:05.716Z,Update,1.0,133.00,Sell
710,2021-10-07T12:30:08.474Z,Update,1.0,133.00,Buy
711,2021-10-07T12:30:11.596Z,Update,1.0,133.00,Buy
712,2021-10-07T12:30:35Z,Insert,1.0,133.50,Sell
713,2021-10-07T12:31:22Z,Insert,1.0,134.00,Sell
714,2021-10-07T12:31:23.871Z,Update,1.0,134.00,Buy
715,2021-10-07T12:31:23Z,Insert,1.0,134.10,Sell
716,2021-10-07T12:31:33.577Z,Update,1.0,134.00,Buy
717,2021-10-07T12:32:10Z,Insert,1.0,133.50,Sell
718,2021-10-07T12:36:14.203Z,Update,25.0,134.00,Sell
719,2021-10-07T12:36:14.203Z,Insert,25.0,134.01,Sell
720,2021-10-07T12:36:27Z,Insert,1.0,131.95,Sell
721,2021-10-07T12:36:55.498Z,Update,1.0,131.75,Sell
722,2021-10-07T12:40:20.787Z,Update,5.0,131.75,Sell
723,2021-10-07T12:41:18.357Z,Update,5.0,131.75,Sell
724,2021-10-07T12:42:19.31Z,Update,1.0,131.75,Buy
725,2021-10-07T12:42:22.507Z,Update,1.0,131.25,Buy
726,2021-10-07T12:43:02Z,Insert,1.0,131.75,Sell
727,2021-10-07T12:43:06Z,Insert,1.0,131.75,Sell
728,2021-10-07T12:43:08Z,Insert,1.0,131.75,Sell
729,2021-10-07T12:43:12Z,Insert,1.0,131.75,Sell
730,2021-10-07T12:44:35Z,Insert,1.0,131.50,Sell
731,2021-10-07T12:44:41Z,Insert,1.0,131.05,Sell
732,2021-10-07T12:46:23Z,Insert,4.0,131.75,Sell
733,2021-10-07T12:47:33Z,Insert,1.0,131.65,Sell
734,2021-10-07T12:48:03.121Z,Update,1.0,131.00,Sell
735,2021-10-07T12:48:03Z,Update,1.0,131.00,Sell
736,2021-10-07T12:49:14Z,Insert,1.0,131.50,Sell
737,2021-10-07T12:49:26Z,Insert,1.0,131.25,Sell
738,2021-10-07T12:51:48.759Z,Update,1.0,131.25,Buy
739,2021-10-07T12:51:49.932Z,Update,1.0,131.25,Buy
740,2021-10-07T12:51:52.719Z,Update,1.0,131.25,Sell
741,2021-10-07T12:53:26Z,Insert,1.0,131.00,Sell
742,2021-10-07T12:54:20.041Z,Update,1.0,131.25,Sell
743,2021-10-07T12:55:28.37Z,Update,2.0,131.50,Sell
744,2021-10-07T12:57:01.277Z,Update,1.0,131.50,Sell
745,2021-10-07T12:57:06Z,Insert,1.0,131.50,Sell
746,2021-10-07T12:57:11Z,Insert,1.0,131.50,Sell
747,2021-10-07T12:57:37.664Z,Update,1.0,131.55,Sell
748,2021-10-07T12:58:28.43Z,Update,1.0,131.55,Sell
749,2021-10-07T12:58:31Z,Insert,1.0,131.50,Sell
750,2021-10-07T13:01:20Z,Insert,1.0,131.00,Sell
751,2021-10-07T13:01:34.993Z,Update,1.0,131.00,Sell
752,2021-10-07T13:01:35.025Z,Update,1.0,131.00,Sell
753,2021-10-07T13:01:56.006Z,Update,1.0,130.95,Sell
754,2021-10-07T13:03:03.868Z,Update,1.0,131.15,Sell
755,2021-10-07T13:03:46Z,Insert,1.0,131.00,Sell
756,2021-10-07T13:04:26.877Z,Update,1.0,131.00,Sell
757,2021-10-07T13:04:41Z,Insert,1.0,131.01,Sell
758,2021-10-07T13:04:45Z,Insert,1.0,131.00,Sell
759,2021-10-07T13:04:48.623Z,Update,1.0,131.15,Sell
760,2021-10-07T13:04:49.413Z,Update,1.0,131.00,Buy
761,2021-10-07T13:04:53.552Z,Update,1.0,131.00,Sell
762,2021-10-07T13:05:05.272Z,Update,1.0,131.00,Sell
763,2021-10-07T13:06:17Z,Insert,2.0,130.75,Sell
764,2021-10-07T13:06:42.692Z,Update,1.0,131.00,Buy
765,2021-10-07T13:06:43.238Z,Update,1.0,130.95,Buy
766,2021-10-07T13:07:45Z,Insert,1.0,130.75,Sell
767,2021-10-07T13:07:50.802Z,Update,1.0,131.00,Sell
768,2021-10-07T13:07:57.989Z,Update,1.0,130.15,Sell
769,2021-10-07T13:08:34.519Z,Update,1.0,130.00,Sell
770,2021-10-07T13:08:37.91Z,Update,2.0,130.00,Sell
771,2021-10-07T13:09:00Z,Insert,1.0,129.95,Sell
772,2021-10-07T13:10:01Z,Insert,2.0,129.90,Sell
773,2021-10-07T13:10:02Z,Insert,1.0,129.90,Sell
774,2021-10-07T13:10:08Z,Insert,1.0,129.40,Sell
775,2021-10-07T13:10:13.707Z,Update,1.0,129.90,Sell
776,2021-10-07T13:10:23.484Z,Update,1.0,128.90,Buy
777,2021-10-07T13:10:33.144Z,Update,1.0,128.90,Sell
778,2021-10-07T13:10:44.999Z,Update,1.0,128.90,Sell
779,2021-10-07T13:10:44Z,Insert,1.0,128.85,Sell
780,2021-10-07T13:10:49Z,Insert,1.0,128.85,Sell
781,2021-10-07T13:10:50.254Z,Update,1.0,128.90,Sell
782,2021-10-07T13:11:51Z,Insert,1.0,127.00,Sell
783,2021-10-07T13:11:53Z,Insert,2.0,127.00,Sell
784,2021-10-07T13:13:04Z,Insert,1.0,127.00,Sell
785,2021-10-07T13:13:04Z,Insert,1.0,127.00,Sell
786,2021-10-07T13:13:09Z,Insert,1.0,127.00,Sell
787,2021-10-07T13:13:15Z,Insert,2.0,127.00,Sell
788,2021-10-07T13:13:17Z,Insert,1.0,127.00,Sell
789,2021-10-07T13:13:45.377Z,Update,2.0,127.00,Sell
790,2021-10-07T13:13:45Z,Insert,1.0,126.00,Buy
791,2021-10-07T13:15:32.783Z,Update,1.0,126.50,Sell
792,2021-10-07T13:15:37Z,Insert,1.0,126.50,Sell
793,2021-10-07T13:16:08Z,Insert,1.0,126.00,Sell
794,2021-10-07T13:16:21.267Z,Update,1.0,126.00,Sell
795,2021-10-07T13:16:22Z,Insert,1.0,125.50,Sell
796,2021-10-07T13:16:25Z,Insert,1.0,125.50,Sell
797,2021-10-07T13:16:28.22Z,Update,2.0,125.00,Sell
798,2021-10-07T13:16:31Z,Insert,1.0,125.45,Sell
799,2021-10-07T13:17:42Z,Insert,1.0,125.00,Sell
800,2021-10-07T13:18:09.425Z,Update,1.0,125.00,Sell
801,2021-10-07T13:18:21.075Z,Update,1.0,125.00,Sell
802,2021-10-07T13:18:33.367Z,Update,1.0,125.00,Buy
803,2021-10-07T13:18:44.757Z,Update,1.0,124.50,Sell
804,2021-10-07T13:18:48Z,Insert,1.0,124.50,Sell
805,2021-10-07T13:19:03.441Z,Update,3.0,125.00,Sell
806,2021-10-07T13:19:03.443Z,Update,1.0,125.00,Buy
807,2021-10-07T13:19:03.469Z,Update,1.0,125.00,Sell
808,2021-10-07T13:19:06.463Z,Update,1.0,125.00,Sell
809,2021-10-07T13:19:28.779Z,Update,1.0,125.00,Sell
810,2021-10-07T13:19:47.697Z,Update,1.0,125.00,Sell
811,2021-10-07T13:19:47.891Z,Update,1.0,125.00,Sell
812,2021-10-07T13:19:50.979Z,Update,1.0,125.00,Sell
813,2021-10-07T13:19:51Z,Insert,1.0,126.00,Sell
814,2021-10-07T13:20:05.297Z,Update,1.0,125.00,Sell
815,2021-10-07T13:20:08Z,Insert,2.0,125.00,Sell
816,2021-10-07T13:21:16.549Z,Update,1.0,125.50,Sell
817,2021-10-07T13:21:19Z,Insert,1.0,125.50,Sell
818,2021-10-07T13:21:33Z,Insert,1.0,125.50,Sell
819,2021-10-07T13:23:00Z,Insert,1.0,125.50,Sell
820,2021-10-07T13:23:32Z,Insert,1.0,125.25,Sell
821,2021-10-07T13:24:00Z,Update,5.0,125.00,Sell
822,2021-10-07T13:24:57Z,Insert,1.0,125.00,Sell
823,2021-10-07T13:25:01Z,Insert,1.0,125.00,Sell
824,2021-10-07T13:26:17Z,Insert,1.0,125.00,Sell
825,2021-10-07T13:27:01.721Z,Update,2.0,125.25,Buy
826,2021-10-07T13:27:35.126Z,Update,1.0,125.25,Buy
827,2021-10-07T13:27:47.829Z,Insert,1.0,125.00,Buy
828,2021-10-07T13:27:52.768Z,Insert,1.0,125.00,Buy
829,2021-10-07T13:27:56.213Z,Insert,1.0,125.00,Buy
830,2021-10-07T13:28:00.104Z,Insert,1.0,125.00,Buy
831,2021-10-07T13:28:01.234Z,Update,1.0,125.00,Sell
832,2021-10-07T13:28:08.411Z,Update,1.0,125.25,Buy
833,2021-10-07T13:28:12.833Z,Update,1.0,125.25,Buy
834,2021-10-07T13:28:31.501Z,Update,1.0,125.25,Buy
835,2021-10-07T13:28:37Z,Insert,1.0,125.35,Sell
836,2021-10-07T13:30:18Z,Update,1.0,125.25,Sell
837,2021-10-07T13:31:06.152Z,Update,1.0,125.25,Sell
838,2021-10-07T13:31:27.793Z,Update,1.0,125.25,Sell
839,2021-10-07T13:32:19Z,Insert,1.0,125.00,Sell
840,2021-10-07T13:32:22.62Z,Update,1.0,125.00,Sell
841,2021-10-07T13:32:37.9Z,Insert,1.0,125.00,Sell
842,2021-10-07T13:33:36Z,Insert,1.0,124.00,Sell
843,2021-10-07T13:33:38Z,Insert,2.0,124.00,Sell
844,2021-10-07T13:33:42.923Z,Update,1.0,124.00,Sell
845,2021-10-07T13:34:32.901Z,Update,1.0,124.25,Sell
846,2021-10-07T13:34:32Z,Insert,1.0,124.15,Sell
847,2021-10-07T13:34:40Z,Insert,1.0,124.00,Sell
848,2021-10-07T13:34:58.802Z,Update,1.0,124.00,Sell
849,2021-10-07T13:35:01Z,Insert,1.0,124.00,Sell
850,2021-10-07T13:36:00Z,Update,2.0,125.25,Sell
851,2021-10-07T13:41:44.139Z,Update,2.0,124.50,Buy
852,2021-10-07T13:41:53.794Z,Update,2.0,124.60,Buy
853,2021-10-07T13:42:00.042Z,Update,2.0,124.70,Sell
854,2021-10-07T13:43:20Z,Update,2.0,125.00,Sell
855,2021-10-07T13:44:06.384Z,Update,1.0,125.00,Sell
856,2021-10-07T13:44:13.416Z,Update,2.0,125.00,Sell
857,2021-10-07T13:44:52Z,Insert,1.0,124.91,Sell
858,2021-10-07T13:44:56Z,Insert,1.0,124.75,Sell
859,2021-10-07T13:44:58.116Z,Update,3.0,124.00,Sell
860,2021-10-07T13:46:00Z,Insert,1.0,124.00,Sell
861,2021-10-07T13:46:27Z,Insert,1.0,124.00,Sell
862,2021-10-07T13:46:28Z,Insert,1.0,123.75,Sell
863,2021-10-07T13:46:30Z,Insert,1.0,124.00,Sell
864,2021-10-07T13:46:35Z,Insert,1.0,123.65,Sell
865,2021-10-07T13:48:55Z,Insert,1.0,123.30,Sell
866,2021-10-07T13:48:56.874Z,Update,3.0,123.25,Sell
867,2021-10-07T13:49:11Z,Insert,2.0,123.00,Sell
868,2021-10-07T13:49:32Z,Insert,1.0,123.00,Sell
869,2021-10-07T13:49:44Z,Insert,1.0,123.00,Sell
870,2021-10-07T13:49:55Z,Insert,1.0,123.00,Sell
871,2021-10-07T13:50:22.764Z,Update,1.0,122.50,Sell
872,2021-10-07T13:50:22Z,Insert,1.0,122.50,Sell
873,2021-10-07T13:50:23.286Z,Update,1.0,122.50,Sell
874,2021-10-07T13:51:33Z,Insert,1.0,123.00,Sell
875,2021-10-07T13:51:37Z,Insert,1.0,123.00,Sell
876,2021-10-07T13:51:38Z,Insert,1.0,123.00,Sell
877,2021-10-07T13:51:38Z,Insert,1.0,123.00,Sell
878,2021-10-07T13:51:48Z,Insert,1.0,123.00,Sell
879,2021-10-07T13:51:50Z,Insert,1.0,123.00,Sell
880,2021-10-07T13:51:51.353Z,Update,1.0,123.00,Buy
881,2021-10-07T13:52:00Z,Update,5.0,123.00,Sell
882,2021-10-07T13:52:28Z,Insert,2.0,123.00,Sell
883,2021-10-07T13:52:43Z,Insert,1.0,122.50,Sell
884,2021-10-07T13:57:11.086Z,Insert,1.0,123.50,Buy
885,2021-10-07T13:57:13.823Z,Insert,1.0,123.50,Buy
886,2021-10-07T14:00:50.282Z,Update,1.0,123.00,Sell
887,2021-10-07T14:00:52.105Z,Update,1.0,123.00,Sell
888,2021-10-07T14:00:53Z,Insert,2.0,123.00,Sell
889,2021-10-07T14:00:55.114Z,Update,1.0,123.00,Sell
890,2021-10-07T14:00:57.779Z,Update,1.0,123.00,Sell
891,2021-10-07T14:01:00.858Z,Update,1.0,123.00,Sell
892,2021-10-07T14:04:19.616Z,Update,1.0,124.00,Buy
893,2021-10-07T14:05:00Z,Insert,1.0,124.00,Sell
894,2021-10-07T14:06:47Z,Insert,1.0,125.00,Sell
895,2021-10-07T14:06:59.763Z,Update,1.0,125.50,Buy
896,2021-10-07T14:11:12.325Z,Update,2.0,126.00,Sell
897,2021-10-07T14:12:12Z,Insert,5.0,125.00,Buy
898,2021-10-07T14:12:12Z,Insert,5.0,125.05,Buy
899,2021-10-07T14:12:12Z,Insert,5.0,125.05,Buy
900,2021-10-07T14:12:12Z,Insert,5.0,125.00,Buy
901,2021-10-07T14:12:12Z,Update,5.0,125.05,Buy
902,2021-10-07T14:12:12Z,Update,5.0,125.05,Buy
903,2021-10-07T14:12:18Z,Insert,1.0,126.75,Sell
904,2021-10-07T14:12:35Z,Insert,1.0,126.25,Sell
905,2021-10-07T14:17:47.475Z,Update,2.0,127.00,Sell
906,2021-10-07T14:18:15Z,Insert,1.0,127.25,Sell
907,2021-10-07T14:18:24.698Z,Update,1.0,128.00,Sell
908,2021-10-07T14:18:28Z,Update,5.0,127.970,Sell
909,2021-10-07T14:18:28Z,Insert,5.0,128.00,Buy
910,2021-10-07T14:18:28Z,Insert,5.0,128.00,Buy
911,2021-10-07T14:18:28Z,Insert,5.0,128.00,Buy
912,2021-10-07T14:19:10Z,Insert,1.0,128.00,Sell
913,2021-10-07T14:19:14.571Z,Update,2.0,128.00,Buy
914,2021-10-07T14:23:11Z,Insert,1.0,127.00,Sell
915,2021-10-07T14:23:24.322Z,Update,2.0,127.25,Buy
916,2021-10-07T14:24:00Z,Update,5.0,129.00,Sell
917,2021-10-07T14:25:09.977Z,Update,2.0,127.50,Buy
918,2021-10-07T14:25:09Z,Insert,1.0,127.60,Sell
919,2021-10-07T14:25:41Z,Insert,2.0,128.00,Sell
920,2021-10-07T14:25:46.808Z,Update,2.0,128.03,Sell
921,2021-10-07T14:26:33.465Z,Update,1.0,128.25,Sell
922,2021-10-07T14:26:39Z,Insert,1.0,128.50,Sell
923,2021-10-07T14:26:39Z,Insert,1.0,128.50,Sell
924,2021-10-07T14:26:45.676Z,Update,5.0,128.50,Sell
925,2021-10-07T14:26:48Z,Insert,1.0,128.51,Sell
926,2021-10-07T14:27:00Z,Insert,5.0,129.00,Buy
927,2021-10-07T14:27:00Z,Insert,5.0,129.00,Sell
928,2021-10-07T14:27:12Z,Insert,1.0,129.00,Sell
929,2021-10-07T14:27:12Z,Insert,2.0,129.00,Sell
930,2021-10-07T14:28:41.387Z,Update,1.0,129.00,Sell
931,2021-10-07T14:28:41.569Z,Update,1.0,129.15,Sell
932,2021-10-07T14:29:00Z,Update,2.0,129.00,Sell
933,2021-10-07T14:30:00Z,Update,4.0,129.00,Sell
934,2021-10-07T14:30:00Z,Insert,5.0,129.00,Buy
935,2021-10-07T14:30:00Z,Insert,1.0,129.00,Buy
936,2021-10-07T14:30:36Z,Insert,1.0,129.00,Sell
937,2021-10-07T14:32:48.135Z,Insert,3.0,129.00,Buy
938,2021-10-07T14:33:10.804Z,Update,1.0,129.00,Buy
939,2021-10-07T14:33:14.616Z,Update,1.0,129.00,Buy
940,2021-10-07T14:33:47.042Z,Update,1.0,129.50,Sell
941,2021-10-07T14:35:25.885Z,Insert,1.0,129.00,Buy
942,2021-10-07T14:35:26.549Z,Insert,1.0,129.00,Buy
943,2021-10-07T14:37:24Z,Insert,1.0,128.65,Sell
944,2021-10-07T14:37:42Z,Insert,2.0,128.00,Sell
945,2021-10-07T14:37:45Z,Insert,1.0,127.70,Sell
946,2021-10-07T14:37:48.286Z,Update,2.0,128.00,Buy
947,2021-10-07T14:37:56Z,Insert,1.0,127.50,Sell
948,2021-10-07T14:37:58Z,Insert,1.0,127.50,Sell
949,2021-10-07T14:38:51.698Z,Insert,1.0,127.50,Buy
950,2021-10-07T14:39:45.017Z,Update,1.0,127.50,Sell
951,2021-10-07T14:42:33.491Z,Update,1.0,127.000,Buy
952,2021-10-07T14:44:16.778Z,Update,25.0,127.00,Buy
953,2021-10-07T14:45:36.129Z,Update,25.0,127.00,Sell
954,2021-10-07T14:46:10.788Z,Update,3.0,127.45,Buy
955,2021-10-07T14:46:13.715Z,Update,1.0,127.45,Buy
956,2021-10-07T14:46:33.102Z,Update,25.0,127.00,Sell
957,2021-10-07T14:46:48.353Z,Update,1.0,127.45,Buy
958,2021-10-07T14:50:01Z,Update,25.0,127.00,Sell
959,2021-10-07T14:53:08Z,Insert,5.0,128.50,Sell
960,2021-10-07T14:53:45Z,Insert,5.0,128.50,Sell
961,2021-10-07T14:53:49.575Z,Insert,2.0,128.50,Buy
962,2021-10-07T14:53:54.287Z,Insert,2.0,128.50,Buy
963,2021-10-07T14:54:17.196Z,Insert,2.0,128.50,Buy
964,2021-10-07T14:54:32.342Z,Insert,2.0,128.50,Buy
965,2021-10-07T14:54:34.893Z,Insert,2.0,128.50,Buy
966,2021-10-07T14:55:08Z,Insert,1.0,129.00,Sell
967,2021-10-07T14:55:12.395Z,Update,2.0,129.00,Buy
968,2021-10-07T14:55:12.418Z,Insert,1.0,129.00,Buy
969,2021-10-07T14:55:13Z,Insert,4.0,129.00,Sell
970,2021-10-07T14:55:17.542Z,Insert,1.0,129.00,Buy
971,2021-10-07T14:55:20.128Z,Insert,1.0,129.00,Buy
972,2021-10-07T14:55:45.343Z,Insert,1.0,129.00,Buy
973,2021-10-07T14:55:48.978Z,Insert,1.0,129.00,Buy
974,2021-10-07T14:56:07Z,Update,1.0,129.00,Buy
975,2021-10-07T14:56:17.045Z,Insert,1.0,128.50,Buy
976,2021-10-07T15:02:38Z,Insert,1.0,128.50,Sell
977,2021-10-07T15:03:09Z,Insert,2.0,128.50,Sell
978,2021-10-07T15:04:45.776Z,Update,2.0,128.50,Buy
979,2021-10-07T15:06:57.61Z,Update,2.0,128.50,Sell
980,2021-10-07T15:07:00Z,Insert,4.0,128.50,Sell
981,2021-10-07T15:07:03.908Z,Update,1.0,128.50,Buy
982,2021-10-07T15:07:05.254Z,Update,2.0,128.50,Buy
983,2021-10-07T15:07:06.76Z,Update,1.0,128.50,Buy
984,2021-10-07T15:07:50.854Z,Update,1.0,128.30,Sell
985,2021-10-07T15:11:06Z,Update,2.0,128.50,Buy
986,2021-10-07T15:11:06Z,Update,2.0,128.50,Sell
987,2021-10-07T15:13:38Z,Insert,1.0,127.00,Sell
988,2021-10-07T15:13:50.003Z,Update,1.0,127.00,Buy
989,2021-10-07T15:18:18Z,Insert,1.0,127.25,Sell
990,2021-10-07T15:19:18Z,Insert,2.0,127.00,Sell
991,2021-10-07T15:19:37.105Z,Update,1.0,127.50,Sell
992,2021-10-07T15:21:22Z,Insert,2.0,126.75,Sell
993,2021-10-07T15:22:06.611Z,Update,1.0,126.50,Sell
994,2021-10-07T15:22:19.072Z,Update,1.0,126.50,Sell
995,2021-10-07T15:27:11.185Z,Update,50.0,126.75,Sell
996,2021-10-07T15:27:11.185Z,Insert,50.0,126.75,Sell
997,2021-10-07T15:27:47Z,Insert,1.0,126.50,Sell
998,2021-10-07T15:28:05.822Z,Update,2.0,126.00,Sell
999,2021-10-07T15:29:00Z,Update,3.0,127.00,Sell
1000,2021-10-07T15:29:10Z,Update,2.0,127.00,Sell
1001,2021-10-07T15:33:04Z,Insert,1.0,127.00,Sell
1002,2021-10-07T15:35:00Z,Update,37.0,127.00,Sell
1003,2021-10-07T15:37:00Z,Insert,37.0,127.00,Buy
1004,2021-10-07T15:38:41Z,Insert,1.0,127.00,Sell
1005,2021-10-07T15:39:34Z,Insert,3.0,127.50,Sell
1006,2021-10-07T15:41:42.06Z,Update,2.0,128.50,Buy
1007,2021-10-07T15:43:29Z,Insert,1.0,128.95,Sell
1008,2021-10-07T15:45:37Z,Insert,3.0,129.25,Sell
