,DateTime,Action,Volume,Price,AggressorAction
0,2021-10-08T06:15:47Z,Insert,1.0,129.00,Sell
1,2021-10-08T06:16:43Z,Insert,1.0,130.00,Sell
2,2021-10-08T06:25:49.196Z,Update,1.0,131.00,Sell
3,2021-10-08T06:25:49.239Z,Update,1.0,131.000,Sell
4,2021-10-08T06:25:49Z,Insert,1.0,131.00,Sell
5,2021-10-08T06:28:59.771Z,Insert,1.0,132.00,Buy
6,2021-10-08T06:30:52.679Z,Update,1.0,133.00,Sell
7,2021-10-08T06:31:54Z,Insert,1.0,135.00,Sell
8,2021-10-08T06:38:35Z,Insert,1.0,133.00,Sell
9,2021-10-08T06:40:24.642Z,Update,1.0,133.25,Buy
10,2021-10-08T06:40:27.996Z,Update,1.0,133.25,Buy
11,2021-10-08T06:42:01Z,Insert,1.0,131.00,Sell
12,2021-10-08T06:46:16.722Z,Update,1.0,131.00,Sell
13,2021-10-08T06:46:17.47Z,Update,1.0,131.00,Sell
14,2021-10-08T06:46:38.32Z,Update,1.0,131.00,Buy
15,2021-10-08T06:47:10.015Z,Update,1.0,131.00,Buy
16,2021-10-08T06:47:12.748Z,Update,1.0,131.00,Buy
17,2021-10-08T06:47:35.655Z,Update,1.0,131.00,Buy
18,2021-10-08T06:47:44Z,Insert,1.0,131.15,Sell
19,2021-10-08T06:53:11Z,Insert,1.0,131.00,Sell
20,2021-10-08T06:58:18Z,Insert,1.0,130.25,Sell
21,2021-10-08T06:58:40Z,Insert,1.0,130.05,Sell
22,2021-10-08T06:58:53Z,Insert,1.0,130.05,Sell
23,2021-10-08T06:59:04.357Z,Update,1.0,130.000,Buy
24,2021-10-08T06:59:07Z,Insert,1.0,130.00,Sell
25,2021-10-08T06:59:08.614Z,Update,1.0,130.00,Sell
26,2021-10-08T07:00:14Z,Insert,1.0,130.00,Sell
27,2021-10-08T07:00:16Z,Insert,1.0,130.00,Sell
28,2021-10-08T07:00:16Z,Insert,1.0,130.00,Sell
29,2021-10-08T07:00:16Z,Insert,1.0,130.00,Sell
30,2021-10-08T07:00:16Z,Insert,1.0,130.00,Sell
31,2021-10-08T07:00:42.936Z,Update,1.0,130.00,Sell
32,2021-10-08T07:03:07.637Z,Update,1.0,130.50,Sell
33,2021-10-08T07:05:13.439Z,Update,1.0,130.50,Sell
34,2021-10-08T07:05:29Z,Insert,1.0,130.50,Sell
35,2021-10-08T07:08:26.999Z,Update,1.0,130.50,Sell
36,2021-10-08T07:08:48Z,Insert,2.0,130.00,Sell
37,2021-10-08T07:08:53Z,Update,1.0,130.50,Sell
38,2021-10-08T07:13:12.132Z,Update,1.0,130.50,Sell
39,2021-10-08T07:13:22Z,Insert,1.0,130.00,Sell
40,2021-10-08T07:13:31.819Z,Update,1.0,129.50,Sell
41,2021-10-08T07:13:32.069Z,Update,1.0,129.50,Sell
42,2021-10-08T07:16:25.584Z,Update,1.0,129.50,Buy
43,2021-10-08T07:16:28.384Z,Update,1.0,129.50,Sell
44,2021-10-08T07:16:31.123Z,Update,1.0,129.50,Sell
45,2021-10-08T07:16:36Z,Insert,1.0,129.00,Sell
46,2021-10-08T07:16:38Z,Insert,1.0,128.75,Sell
47,2021-10-08T07:16:43.568Z,Update,1.0,128.75,Sell
48,2021-10-08T07:16:48.722Z,Update,1.0,129.50,Sell
49,2021-10-08T07:16:50.381Z,Update,1.0,128.75,Sell
50,2021-10-08T07:16:52Z,Insert,1.0,128.60,Sell
51,2021-10-08T07:16:53.243Z,Update,1.0,129.50,Sell
52,2021-10-08T07:16:56Z,Insert,1.0,128.60,Sell
53,2021-10-08T07:17:00Z,Insert,1.0,128.60,Sell
54,2021-10-08T07:17:08.097Z,Update,1.0,129.50,Sell
55,2021-10-08T07:17:15Z,Insert,1.0,128.50,Sell
56,2021-10-08T07:17:23Z,Insert,1.0,128.50,Sell
57,2021-10-08T07:17:32Z,Insert,1.0,128.50,Sell
58,2021-10-08T07:18:52Z,Insert,1.0,128.50,Sell
59,2021-10-08T07:18:55.367Z,Update,1.0,128.50,Sell
60,2021-10-08T07:21:18Z,Insert,1.0,128.70,Sell
61,2021-10-08T07:21:34.468Z,Update,1.0,128.550,Sell
62,2021-10-08T07:28:11.58Z,Update,1.0,128.55,Sell
63,2021-10-08T07:28:37.17Z,Update,1.0,128.55,Sell
64,2021-10-08T07:28:44.278Z,Update,1.0,128.50,Sell
65,2021-10-08T07:28:46.106Z,Update,1.0,128.50,Sell
66,2021-10-08T07:31:11Z,Insert,1.0,128.50,Sell
67,2021-10-08T07:31:12Z,Insert,1.0,128.50,Sell
68,2021-10-08T07:31:16Z,Insert,1.0,128.50,Sell
69,2021-10-08T07:31:26.358Z,Update,3.0,128.00,Sell
70,2021-10-08T07:31:31Z,Insert,1.0,128.00,Sell
71,2021-10-08T07:31:33Z,Insert,1.0,128.00,Sell
72,2021-10-08T07:32:50.713Z,Update,2.0,128.00,Sell
73,2021-10-08T07:32:52.326Z,Update,2.0,128.00,Sell
74,2021-10-08T07:32:53.832Z,Update,2.0,128.00,Sell
75,2021-10-08T07:35:41Z,Insert,1.0,128.00,Sell
76,2021-10-08T07:35:44Z,Insert,1.0,128.00,Sell
77,2021-10-08T07:36:41.209Z,Update,1.0,127.50,Buy
78,2021-10-08T07:38:30.009Z,Update,1.0,127.50,Sell
79,2021-10-08T07:38:46Z,Insert,1.0,126.95,Sell
80,2021-10-08T07:39:08Z,Insert,1.0,127.00,Sell
81,2021-10-08T07:39:08Z,Insert,1.0,127.00,Sell
82,2021-10-08T07:39:09Z,Insert,1.0,127.00,Sell
83,2021-10-08T07:39:09Z,Insert,1.0,127.00,Sell
84,2021-10-08T07:39:09Z,Insert,1.0,127.00,Sell
85,2021-10-08T07:40:11.735Z,Update,1.0,127.00,Sell
86,2021-10-08T07:40:15Z,Insert,1.0,127.00,Sell
87,2021-10-08T07:40:27.25Z,Update,2.0,127.00,Sell
88,2021-10-08T07:40:40Z,Insert,1.0,126.50,Sell
89,2021-10-08T07:41:22.359Z,Update,1.0,126.20,Sell
90,2021-10-08T07:41:28Z,Insert,1.0,126.00,Sell
91,2021-10-08T07:41:33.756Z,Update,1.0,126.00,Sell
92,2021-10-08T07:41:38Z,Insert,1.0,126.00,Sell
93,2021-10-08T07:41:41Z,Insert,1.0,126.00,Sell
94,2021-10-08T07:41:47Z,Insert,1.0,126.00,Sell
95,2021-10-08T07:46:23Z,Insert,1.0,126.50,Sell
96,2021-10-08T07:47:15.282Z,Update,1.0,126.90,Sell
97,2021-10-08T07:47:17.502Z,Update,1.0,126.90,Sell
98,2021-10-08T07:47:20.483Z,Update,1.0,126.90,Sell
99,2021-10-08T07:47:23Z,Insert,1.0,127.00,Sell
100,2021-10-08T07:48:00.379Z,Update,1.0,126.90,Sell
101,2021-10-08T07:48:09Z,Insert,1.0,128.00,Sell
102,2021-10-08T07:48:31.229Z,Update,1.0,128.00,Sell
103,2021-10-08T07:48:31Z,Insert,1.0,128.00,Sell
104,2021-10-08T07:48:40Z,Insert,2.0,128.00,Sell
105,2021-10-08T07:49:21.699Z,Update,1.0,126.90,Sell
106,2021-10-08T07:50:18.306Z,Update,1.0,126.90,Sell
107,2021-10-08T07:50:18Z,Insert,1.0,128.00,Sell
108,2021-10-08T07:53:32Z,Insert,1.0,128.00,Sell
109,2021-10-08T07:55:28Z,Insert,2.0,128.00,Sell
110,2021-10-08T07:59:44Z,Insert,1.0,127.70,Sell
111,2021-10-08T08:02:00Z,Update,50.0,127.70,Sell
112,2021-10-08T08:02:00Z,Update,22.0,127.70,Sell
113,2021-10-08T08:02:00Z,Insert,10.0,127.70,Buy
114,2021-10-08T08:02:00Z,Insert,22.0,127.70,Sell
115,2021-10-08T08:02:00Z,Insert,22.0,127.70,Sell
116,2021-10-08T08:02:00Z,Insert,50.0,127.70,Sell
117,2021-10-08T08:03:00Z,Update,10.0,127.70,Sell
118,2021-10-08T08:05:09.207Z,Update,1.0,127.75,Buy
119,2021-10-08T08:07:00Z,Update,1.0,127.75,Sell
120,2021-10-08T08:07:56Z,Insert,1.0,128.00,Sell
121,2021-10-08T08:12:36Z,Insert,1.0,128.00,Sell
122,2021-10-08T08:14:21Z,Insert,1.0,127.75,Sell
123,2021-10-08T08:15:56Z,Insert,1.0,127.05,Sell
124,2021-10-08T08:17:34.57Z,Update,1.0,127.05,Sell
125,2021-10-08T08:17:47.197Z,Update,2.0,127.00,Sell
126,2021-10-08T08:17:54Z,Insert,1.0,127.00,Sell
127,2021-10-08T08:17:54Z,Insert,1.0,127.00,Sell
128,2021-10-08T08:18:07Z,Insert,1.0,126.70,Sell
129,2021-10-08T08:19:13Z,Insert,1.0,126.70,Sell
130,2021-10-08T08:20:40Z,Insert,1.0,127.00,Sell
131,2021-10-08T08:20:48Z,Insert,2.0,127.00,Sell
132,2021-10-08T08:22:13Z,Insert,2.0,127.00,Sell
133,2021-10-08T08:23:09.748Z,Update,1.0,127.00,Sell
134,2021-10-08T08:24:28.582Z,Update,1.0,126.75,Sell
135,2021-10-08T08:24:34Z,Insert,1.0,126.70,Sell
136,2021-10-08T08:25:28Z,Insert,2.0,126.70,Sell
137,2021-10-08T08:27:00Z,Insert,5.0,127.50,Sell
138,2021-10-08T08:27:00Z,Update,5.0,127.50,Sell
139,2021-10-08T08:27:04Z,Insert,1.0,127.50,Sell
140,2021-10-08T08:27:08Z,Insert,1.0,127.50,Sell
141,2021-10-08T08:27:11Z,Insert,1.0,127.50,Sell
142,2021-10-08T08:27:12.59Z,Update,1.0,127.50,Sell
143,2021-10-08T08:29:14.178Z,Update,2.0,127.00,Sell
144,2021-10-08T08:29:29Z,Insert,1.0,127.00,Sell
145,2021-10-08T08:29:32.871Z,Update,1.0,127.00,Sell
146,2021-10-08T08:30:37Z,Insert,1.0,127.00,Sell
147,2021-10-08T08:43:00Z,Insert,25.0,126.95,Sell
148,2021-10-08T08:43:25.006Z,Update,1.0,126.50,Sell
149,2021-10-08T08:43:27Z,Insert,1.0,126.50,Sell
150,2021-10-08T08:43:51.385Z,Update,5.0,126.95,Sell
151,2021-10-08T08:43:53.267Z,Update,5.0,126.95,Sell
152,2021-10-08T08:43:55.246Z,Update,5.0,126.95,Sell
153,2021-10-08T08:43:57.862Z,Update,2.0,126.95,Sell
154,2021-10-08T08:43:58.831Z,Update,3.0,126.95,Sell
155,2021-10-08T08:44:01.786Z,Update,5.0,126.95,Sell
156,2021-10-08T08:46:51.413Z,Update,25.0,126.95,Sell
157,2021-10-08T08:51:00Z,Insert,1.0,127.00,Sell
158,2021-10-08T08:51:44.661Z,Update,1.0,127.500,Buy
159,2021-10-08T08:52:16Z,Insert,1.0,127.25,Sell
160,2021-10-08T08:52:44Z,Insert,1.0,127.25,Sell
161,2021-10-08T08:55:00Z,Insert,50.0,128.00,Sell
162,2021-10-08T08:55:00Z,Insert,50.0,128.00,Sell
163,2021-10-08T08:55:30Z,Update,50.0,128.00,Sell
164,2021-10-08T08:56:07Z,Insert,2.0,128.00,Sell
165,2021-10-08T08:56:15.239Z,Update,1.0,128.00,Sell
166,2021-10-08T09:00:34Z,Insert,1.0,127.25,Sell
167,2021-10-08T09:00:37Z,Insert,1.0,127.25,Sell
168,2021-10-08T09:00:39Z,Insert,1.0,127.25,Sell
169,2021-10-08T09:00:40Z,Insert,1.0,127.25,Sell
170,2021-10-08T09:00:52Z,Insert,1.0,127.00,Sell
171,2021-10-08T09:01:01Z,Insert,1.0,127.00,Sell
172,2021-10-08T09:01:03.906Z,Update,1.0,127.00,Sell
173,2021-10-08T09:01:37Z,Insert,1.0,127.25,Sell
174,2021-10-08T09:01:56Z,Insert,1.0,127.00,Sell
175,2021-10-08T09:02:09.562Z,Update,1.0,127.00,Sell
176,2021-10-08T09:02:13Z,Insert,1.0,126.50,Sell
177,2021-10-08T09:02:14Z,Insert,1.0,126.50,Sell
178,2021-10-08T09:02:15Z,Insert,1.0,126.50,Sell
179,2021-10-08T09:02:22Z,Insert,1.0,126.50,Sell
180,2021-10-08T09:02:31Z,Insert,1.0,126.75,Sell
181,2021-10-08T09:02:39Z,Insert,1.0,126.50,Sell
182,2021-10-08T09:02:42Z,Insert,1.0,126.50,Sell
183,2021-10-08T09:03:05.512Z,Update,1.0,126.500,Sell
184,2021-10-08T09:03:07.218Z,Update,1.0,126.500,Buy
185,2021-10-08T09:03:47Z,Insert,1.0,126.30,Sell
186,2021-10-08T09:04:00Z,Update,5.0,126.20,Sell
187,2021-10-08T09:04:03Z,Insert,1.0,126.00,Sell
188,2021-10-08T09:04:45Z,Insert,1.0,126.20,Sell
189,2021-10-08T09:04:51Z,Insert,1.0,126.20,Sell
190,2021-10-08T09:04:56Z,Insert,1.0,126.20,Sell
191,2021-10-08T09:06:32.41Z,Insert,5.0,126.20,Sell
192,2021-10-08T09:06:32.41Z,Insert,5.0,126.20,Sell
193,2021-10-08T09:07:51Z,Insert,1.0,125.70,Sell
194,2021-10-08T09:08:07Z,Insert,1.0,125.50,Sell
195,2021-10-08T09:08:39.778Z,Update,1.0,125.50,Sell
196,2021-10-08T09:09:06Z,Insert,1.0,124.30,Sell
197,2021-10-08T09:09:44Z,Insert,1.0,125.00,Sell
198,2021-10-08T09:12:14.537Z,Update,1.0,124.70,Sell
199,2021-10-08T09:12:37.691Z,Update,1.0,125.00,Buy
200,2021-10-08T09:12:39Z,Insert,1.0,124.70,Sell
201,2021-10-08T09:12:58Z,Insert,1.0,124.50,Sell
202,2021-10-08T09:13:00Z,Update,10.0,122.50,Sell
203,2021-10-08T09:13:45.511Z,Update,1.0,124.30,Sell
204,2021-10-08T09:13:56.953Z,Update,1.0,124.00,Sell
205,2021-10-08T09:13:56Z,Insert,1.0,124.00,Sell
206,2021-10-08T09:13:57.186Z,Update,1.0,124.00,Sell
207,2021-10-08T09:14:01.813Z,Update,1.0,124.00,Sell
208,2021-10-08T09:14:21Z,Insert,5.0,123.25,Sell
209,2021-10-08T09:14:57Z,Insert,1.0,122.50,Sell
210,2021-10-08T09:15:00Z,Insert,1.0,122.50,Sell
211,2021-10-08T09:16:38Z,Insert,1.0,122.95,Sell
212,2021-10-08T09:17:11.482Z,Update,2.0,123.00,Sell
213,2021-10-08T09:17:44Z,Update,5.0,123.00,Sell
214,2021-10-08T09:17:44Z,Update,5.0,123.00,Sell
215,2021-10-08T09:17:57.678Z,Update,1.0,123.00,Buy
216,2021-10-08T09:18:07Z,Insert,5.0,123.00,Sell
217,2021-10-08T09:18:12Z,Insert,1.0,123.50,Sell
218,2021-10-08T09:19:55Z,Insert,1.0,123.00,Sell
219,2021-10-08T09:20:08Z,Insert,1.0,123.00,Sell
220,2021-10-08T09:20:40Z,Insert,1.0,123.80,Sell
221,2021-10-08T09:20:45.891Z,Update,1.0,124.00,Buy
222,2021-10-08T09:24:33.492Z,Update,1.0,124.00,Buy
223,2021-10-08T09:24:35.864Z,Update,1.0,124.00,Buy
224,2021-10-08T09:27:02.522Z,Update,2.0,124.25,Sell
225,2021-10-08T09:27:04.539Z,Update,1.0,124.00,Sell
226,2021-10-08T09:27:56Z,Update,2.0,123.00,Sell
227,2021-10-08T09:28:56Z,Insert,1.0,124.25,Sell
228,2021-10-08T09:29:11Z,Insert,1.0,124.00,Sell
229,2021-10-08T09:29:24.56Z,Update,1.0,124.00,Sell
230,2021-10-08T09:30:00Z,Update,1.0,122.90,Sell
231,2021-10-08T09:30:54.699Z,Update,1.0,123.75,Sell
232,2021-10-08T09:31:08.83Z,Update,1.0,123.75,Sell
233,2021-10-08T09:31:11.15Z,Update,1.0,123.75,Sell
234,2021-10-08T09:31:43Z,Insert,1.0,123.51,Sell
235,2021-10-08T09:34:18Z,Insert,1.0,123.75,Sell
236,2021-10-08T09:36:02Z,Insert,1.0,123.25,Sell
237,2021-10-08T09:36:20.246Z,Update,3.0,123.700,Sell
238,2021-10-08T09:37:45Z,Insert,3.0,123.00,Sell
239,2021-10-08T09:37:50Z,Insert,2.0,123.00,Sell
240,2021-10-08T09:37:52Z,Insert,1.0,123.00,Sell
241,2021-10-08T09:37:57Z,Insert,3.0,122.90,Sell
242,2021-10-08T09:38:07Z,Insert,1.0,122.50,Sell
243,2021-10-08T09:38:10Z,Insert,3.0,122.00,Sell
244,2021-10-08T09:38:42.095Z,Update,2.0,122.00,Sell
245,2021-10-08T09:38:46Z,Insert,1.0,122.00,Sell
246,2021-10-08T09:39:09Z,Insert,1.0,122.00,Sell
247,2021-10-08T09:39:30.272Z,Update,1.0,121.50,Sell
248,2021-10-08T09:39:38Z,Insert,1.0,121.50,Sell
249,2021-10-08T09:39:45Z,Insert,1.0,121.10,Sell
250,2021-10-08T09:40:04Z,Insert,1.0,121.10,Sell
251,2021-10-08T09:40:19Z,Insert,1.0,120.60,Sell
252,2021-10-08T09:40:23Z,Insert,1.0,121.10,Sell
253,2021-10-08T09:40:24Z,Insert,1.0,121.10,Sell
254,2021-10-08T09:40:36Z,Insert,1.0,120.60,Sell
255,2021-10-08T09:40:40Z,Insert,1.0,120.25,Sell
256,2021-10-08T09:40:40Z,Insert,1.0,120.20,Sell
257,2021-10-08T09:40:48.517Z,Update,2.0,121.10,Sell
258,2021-10-08T09:42:11Z,Insert,1.0,121.00,Sell
259,2021-10-08T09:43:23.797Z,Update,1.0,120.75,Sell
260,2021-10-08T09:43:55.808Z,Update,1.0,120.50,Sell
261,2021-10-08T09:44:00Z,Update,1.0,121.00,Sell
262,2021-10-08T09:44:14.563Z,Update,1.0,120.00,Sell
263,2021-10-08T09:44:20.079Z,Update,1.0,120.00,Sell
264,2021-10-08T09:44:47.022Z,Update,1.0,119.75,Sell
265,2021-10-08T09:44:51.763Z,Update,1.0,119.75,Sell
266,2021-10-08T09:45:07Z,Insert,1.0,119.20,Sell
267,2021-10-08T09:45:11.908Z,Update,1.0,119.75,Sell
268,2021-10-08T09:45:16Z,Insert,3.0,120.00,Sell
269,2021-10-08T09:45:29Z,Insert,1.0,119.75,Sell
270,2021-10-08T09:45:54.535Z,Update,1.0,120.50,Buy
271,2021-10-08T09:47:16.031Z,Update,2.0,121.00,Buy
272,2021-10-08T09:47:50Z,Insert,2.0,121.00,Sell
273,2021-10-08T09:48:00Z,Insert,2.0,121.00,Sell
274,2021-10-08T09:48:23.971Z,Update,2.0,122.00,Sell
275,2021-10-08T09:48:31Z,Insert,1.0,122.00,Sell
276,2021-10-08T09:48:32Z,Insert,1.0,122.00,Sell
277,2021-10-08T09:48:53Z,Insert,1.0,122.00,Sell
278,2021-10-08T09:48:56Z,Insert,1.0,122.00,Sell
279,2021-10-08T09:49:43Z,Insert,1.0,122.00,Sell
280,2021-10-08T09:53:12.833Z,Update,1.0,120.75,Buy
281,2021-10-08T09:53:12.833Z,Insert,1.0,120.75,Sell
282,2021-10-08T09:59:57.016Z,Update,1.0,121.00,Buy
283,2021-10-08T10:00:37Z,Insert,1.0,121.25,Sell
284,2021-10-08T10:00:38Z,Insert,1.0,121.25,Sell
285,2021-10-08T10:01:04Z,Insert,1.0,121.75,Sell
286,2021-10-08T10:01:41Z,Insert,1.0,122.00,Sell
287,2021-10-08T10:01:44.699Z,Update,1.0,122.00,Buy
288,2021-10-08T10:02:07Z,Insert,1.0,122.00,Sell
289,2021-10-08T10:02:39Z,Insert,3.0,122.00,Sell
290,2021-10-08T10:04:21Z,Insert,1.0,122.00,Sell
291,2021-10-08T10:04:33Z,Insert,1.0,122.00,Sell
292,2021-10-08T10:04:35Z,Insert,1.0,122.00,Sell
293,2021-10-08T10:04:37Z,Insert,1.0,122.00,Sell
294,2021-10-08T10:04:41Z,Insert,1.0,122.00,Sell
295,2021-10-08T10:04:44Z,Insert,1.0,122.00,Sell
296,2021-10-08T10:04:45Z,Insert,1.0,122.00,Sell
297,2021-10-08T10:04:45Z,Insert,1.0,122.00,Sell
298,2021-10-08T10:04:52Z,Insert,1.0,122.00,Sell
299,2021-10-08T10:06:09.508Z,Update,1.0,122.00,Sell
300,2021-10-08T10:08:25Z,Insert,2.0,121.90,Sell
301,2021-10-08T10:08:29Z,Insert,1.0,122.00,Sell
302,2021-10-08T10:09:48.799Z,Update,5.0,122.00,Buy
303,2021-10-08T10:10:51.425Z,Update,3.0,121.50,Sell
304,2021-10-08T10:11:00.892Z,Update,1.0,122.00,Sell
305,2021-10-08T10:11:51Z,Insert,1.0,122.00,Sell
306,2021-10-08T10:14:43.084Z,Update,1.0,122.00,Buy
307,2021-10-08T10:15:12.214Z,Update,1.0,121.50,Sell
308,2021-10-08T10:15:18.14Z,Update,1.0,121.50,Sell
309,2021-10-08T10:15:19.906Z,Update,1.0,121.50,Sell
310,2021-10-08T10:15:24Z,Insert,1.0,121.50,Sell
311,2021-10-08T10:15:24Z,Insert,1.0,121.50,Sell
312,2021-10-08T10:15:27.672Z,Update,1.0,121.50,Sell
313,2021-10-08T10:21:14Z,Insert,1.0,121.50,Sell
314,2021-10-08T10:21:51Z,Insert,2.0,122.00,Sell
315,2021-10-08T10:26:56.767Z,Update,2.0,121.50,Buy
316,2021-10-08T10:27:58.736Z,Insert,2.0,121.05,Buy
317,2021-10-08T10:29:11.555Z,Insert,2.0,121.50,Buy
318,2021-10-08T10:29:11.816Z,Insert,5.0,122.00,Buy
319,2021-10-08T10:29:13.676Z,Insert,5.0,122.00,Buy
320,2021-10-08T10:33:42.497Z,Update,1.0,122.00,Buy
321,2021-10-08T10:33:50.487Z,Update,1.0,122.00,Sell
322,2021-10-08T10:34:47.671Z,Update,1.0,122.00,Sell
323,2021-10-08T10:34:47.706Z,Update,1.0,122.00,Buy
324,2021-10-08T10:34:47.732Z,Update,1.0,122.00,Buy
325,2021-10-08T10:35:41.641Z,Update,1.0,122.00,Buy
326,2021-10-08T10:38:42.535Z,Update,1.0,122.00,Sell
327,2021-10-08T10:38:42.557Z,Update,1.0,122.00,Sell
328,2021-10-08T10:38:42.581Z,Update,1.0,122.00,Sell
329,2021-10-08T10:38:42.603Z,Update,1.0,122.00,Sell
330,2021-10-08T10:38:42.629Z,Update,1.0,122.00,Sell
331,2021-10-08T10:40:28.449Z,Update,1.0,122.00,Sell
332,2021-10-08T10:40:34.617Z,Update,1.0,122.00,Sell
333,2021-10-08T10:40:37.48Z,Update,1.0,122.00,Sell
334,2021-10-08T10:40:40.613Z,Update,1.0,122.00,Sell
335,2021-10-08T10:43:58.134Z,Update,2.0,121.50,Sell
336,2021-10-08T10:44:11.909Z,Update,1.0,121.50,Sell
337,2021-10-08T10:45:38Z,Insert,2.0,120.85,Sell
338,2021-10-08T10:45:43.193Z,Update,1.0,120.85,Sell
339,2021-10-08T10:50:00Z,Update,100.0,121.50,Sell
340,2021-10-08T10:50:00Z,Insert,100.0,121.50,Sell
341,2021-10-08T10:53:27Z,Insert,1.0,121.00,Sell
342,2021-10-08T10:53:35Z,Insert,2.0,120.80,Sell
343,2021-10-08T10:54:24.163Z,Update,1.0,120.00,Sell
344,2021-10-08T10:55:32Z,Insert,1.0,120.50,Sell
345,2021-10-08T10:55:36Z,Insert,5.0,120.00,Sell
346,2021-10-08T10:57:12.451Z,Update,1.0,120.50,Sell
347,2021-10-08T10:57:23Z,Insert,1.0,120.00,Sell
348,2021-10-08T11:00:00Z,Update,5.0,120.75,Sell
349,2021-10-08T11:01:20.897Z,Update,2.0,120.50,Sell
350,2021-10-08T11:10:00Z,Insert,25.0,121.00,Sell
351,2021-10-08T11:10:00Z,Update,25.0,121.00,Sell
352,2021-10-08T11:13:45Z,Insert,1.0,121.25,Sell
353,2021-10-08T11:15:28Z,Insert,1.0,122.05,Sell
354,2021-10-08T11:15:41.067Z,Update,1.0,122.00,Sell
355,2021-10-08T11:15:41.86Z,Update,1.0,122.00,Sell
356,2021-10-08T11:15:44.742Z,Update,1.0,122.00,Sell
357,2021-10-08T11:15:47.219Z,Update,1.0,122.00,Sell
358,2021-10-08T11:15:49.99Z,Update,1.0,122.00,Sell
359,2021-10-08T11:16:06.729Z,Update,1.0,122.00,Sell
360,2021-10-08T11:19:57.617Z,Update,1.0,122.250,Buy
361,2021-10-08T11:20:04.888Z,Update,1.0,122.50,Sell
362,2021-10-08T11:22:19.672Z,Update,1.0,122.00,Buy
363,2021-10-08T11:27:39.789Z,Update,1.0,122.50,Buy
364,2021-10-08T11:27:50.995Z,Update,1.0,122.75,Sell
365,2021-10-08T11:27:57.056Z,Update,1.0,123.00,Buy
366,2021-10-08T11:27:58Z,Insert,1.0,123.00,Sell
367,2021-10-08T11:28:00.439Z,Update,1.0,123.00,Sell
368,2021-10-08T11:28:01Z,Insert,1.0,123.00,Sell
369,2021-10-08T11:29:20.635Z,Update,1.0,123.00,Sell
370,2021-10-08T11:29:21.932Z,Update,1.0,123.00,Sell
371,2021-10-08T11:29:46.62Z,Update,1.0,123.50,Sell
372,2021-10-08T11:29:51Z,Insert,1.0,123.50,Sell
373,2021-10-08T11:29:53Z,Insert,1.0,123.50,Sell
374,2021-10-08T11:32:31.274Z,Update,1.0,123.50,Buy
375,2021-10-08T11:33:04Z,Insert,1.0,124.00,Sell
376,2021-10-08T11:34:38Z,Insert,1.0,123.75,Sell
377,2021-10-08T11:34:50Z,Insert,1.0,123.95,Sell
378,2021-10-08T11:35:07Z,Insert,2.0,124.00,Sell
379,2021-10-08T11:35:10.236Z,Update,1.0,124.00,Buy
380,2021-10-08T11:40:44Z,Insert,1.0,123.90,Sell
381,2021-10-08T11:45:58Z,Insert,1.0,123.50,Sell
382,2021-10-08T11:46:55Z,Insert,2.0,123.50,Sell
383,2021-10-08T11:48:29.61Z,Update,1.0,124.00,Buy
384,2021-10-08T11:51:44Z,Insert,3.0,123.50,Sell
385,2021-10-08T11:58:58.952Z,Update,1.0,123.75,Buy
386,2021-10-08T12:14:55.133Z,Update,1.0,123.75,Buy
387,2021-10-08T12:18:36.419Z,Update,2.0,123.50,Sell
388,2021-10-08T12:18:40.945Z,Update,1.0,123.50,Sell
389,2021-10-08T12:18:43.231Z,Update,1.0,123.50,Sell
390,2021-10-08T12:18:46.22Z,Update,2.0,123.50,Sell
391,2021-10-08T12:19:07.615Z,Update,2.0,123.50,Sell
392,2021-10-08T12:19:11.693Z,Update,2.0,123.50,Sell
393,2021-10-08T12:19:21.302Z,Update,4.0,123.25,Sell
394,2021-10-08T12:19:23.178Z,Update,1.0,123.25,Buy
395,2021-10-08T12:19:37.727Z,Update,1.0,123.20,Sell
396,2021-10-08T12:19:40.828Z,Update,1.0,123.25,Sell
397,2021-10-08T12:20:14.312Z,Update,4.0,123.25,Sell
398,2021-10-08T12:25:35.818Z,Update,1.0,123.25,Sell
399,2021-10-08T12:25:51Z,Insert,1.0,123.25,Sell
400,2021-10-08T12:29:21Z,Update,5.0,123.25,Sell
401,2021-10-08T12:29:21Z,Insert,5.0,123.27,Buy
402,2021-10-08T12:32:33.659Z,Update,2.0,123.15,Sell
403,2021-10-08T12:32:33.659Z,Update,2.0,123.15,Sell
404,2021-10-08T12:33:16Z,Insert,1.0,123.15,Sell
405,2021-10-08T12:34:00.38Z,Update,5.0,123.25,Sell
406,2021-10-08T12:34:31.13Z,Update,1.0,123.10,Buy
407,2021-10-08T12:34:36Z,Insert,1.0,123.00,Sell
408,2021-10-08T12:34:42Z,Insert,1.0,123.00,Sell
409,2021-10-08T12:34:44.404Z,Update,1.0,123.00,Buy
410,2021-10-08T12:35:46Z,Insert,1.0,123.00,Sell
411,2021-10-08T12:36:18Z,Insert,1.0,123.00,Sell
412,2021-10-08T12:36:18Z,Insert,1.0,123.00,Sell
413,2021-10-08T12:36:21Z,Insert,1.0,123.00,Sell
414,2021-10-08T12:37:21Z,Insert,9.0,123.00,Buy
415,2021-10-08T12:40:18.129Z,Update,1.0,123.00,Sell
416,2021-10-08T12:40:20.828Z,Update,1.0,123.20,Sell
417,2021-10-08T12:40:20.871Z,Update,1.0,123.00,Buy
418,2021-10-08T12:40:31Z,Insert,1.0,123.00,Sell
419,2021-10-08T12:40:33Z,Insert,1.0,123.00,Sell
420,2021-10-08T12:42:00Z,Insert,1.0,123.05,Sell
421,2021-10-08T12:47:24Z,Insert,1.0,123.05,Sell
422,2021-10-08T12:48:14Z,Insert,1.0,123.00,Sell
423,2021-10-08T12:52:38.187Z,Insert,3.0,123.00,Sell
424,2021-10-08T12:52:38.187Z,Insert,3.0,123.00,Sell
425,2021-10-08T12:55:18Z,Insert,1.0,122.75,Sell
426,2021-10-08T12:56:30Z,Insert,1.0,122.75,Sell
427,2021-10-08T12:57:45Z,Insert,1.0,122.20,Sell
428,2021-10-08T12:59:02.015Z,Update,1.0,121.80,Sell
429,2021-10-08T13:00:05.62Z,Insert,2.0,121.65,Buy
430,2021-10-08T13:00:05.62Z,Insert,2.0,121.65,Buy
431,2021-10-08T13:00:36.597Z,Update,1.0,121.65,Sell
432,2021-10-08T13:02:06Z,Insert,1.0,121.50,Sell
433,2021-10-08T13:02:20Z,Insert,1.0,121.25,Sell
434,2021-10-08T13:03:38.554Z,Update,2.0,121.35,Buy
435,2021-10-08T13:04:59.526Z,Insert,1.0,121.45,Buy
436,2021-10-08T13:07:07Z,Insert,1.0,121.75,Sell
437,2021-10-08T13:07:50Z,Insert,1.0,121.50,Sell
438,2021-10-08T13:07:59Z,Insert,2.0,121.00,Sell
439,2021-10-08T13:08:47.037Z,Insert,2.0,121.35,Sell
440,2021-10-08T13:09:58.951Z,Update,3.0,121.00,Sell
441,2021-10-08T13:10:41.256Z,Update,2.0,121.00,Buy
442,2021-10-08T13:12:21.923Z,Update,5.0,121.000,Sell
443,2021-10-08T13:12:21Z,Insert,1.0,121.00,Sell
444,2021-10-08T13:13:07.619Z,Update,2.0,121.00,Sell
445,2021-10-08T13:14:14.891Z,Insert,1.0,120.80,Sell
446,2021-10-08T13:15:20.161Z,Insert,1.0,120.80,Sell
447,2021-10-08T13:15:41Z,Insert,1.0,121.15,Sell
448,2021-10-08T13:15:56.588Z,Insert,1.0,120.80,Sell
449,2021-10-08T13:15:59.814Z,Insert,1.0,120.80,Sell
450,2021-10-08T13:16:02.214Z,Insert,1.0,120.80,Sell
451,2021-10-08T13:23:01Z,Insert,1.0,120.00,Sell
452,2021-10-08T13:25:54Z,Insert,1.0,119.75,Sell
453,2021-10-08T13:26:12.796Z,Update,1.0,119.50,Sell
454,2021-10-08T13:27:10.171Z,Update,1.0,119.50,Sell
455,2021-10-08T13:27:44.845Z,Update,1.0,119.00,Sell
456,2021-10-08T13:28:12.811Z,Update,1.0,118.50,Sell
457,2021-10-08T13:28:12Z,Insert,1.0,118.50,Sell
458,2021-10-08T13:28:19Z,Insert,1.0,118.50,Sell
459,2021-10-08T13:28:32.655Z,Update,3.0,118.00,Sell
460,2021-10-08T13:28:32.686Z,Update,3.0,118.00,Sell
461,2021-10-08T13:28:32.733Z,Update,1.0,118.00,Sell
462,2021-10-08T13:28:52Z,Insert,1.0,118.00,Sell
463,2021-10-08T13:29:05.848Z,Update,1.0,118.00,Buy
464,2021-10-08T13:29:13Z,Insert,1.0,118.00,Sell
465,2021-10-08T13:31:07Z,Insert,1.0,118.00,Sell
466,2021-10-08T13:31:14.358Z,Update,1.0,118.00,Sell
467,2021-10-08T13:32:08Z,Insert,3.0,118.00,Sell
468,2021-10-08T13:32:15Z,Insert,5.0,118.00,Sell
469,2021-10-08T13:32:28Z,Insert,1.0,118.00,Sell
470,2021-10-08T13:32:29Z,Insert,1.0,118.00,Sell
471,2021-10-08T13:34:53Z,Insert,1.0,118.25,Sell
472,2021-10-08T13:39:11Z,Insert,2.0,119.00,Sell
473,2021-10-08T13:39:11Z,Insert,1.0,119.00,Sell
474,2021-10-08T13:41:18.828Z,Update,1.0,120.00,Buy
475,2021-10-08T13:41:31.031Z,Update,1.0,120.00,Buy
476,2021-10-08T13:42:33Z,Insert,1.0,120.00,Sell
477,2021-10-08T13:42:54.493Z,Update,2.0,120.00,Buy
478,2021-10-08T13:42:58.069Z,Update,5.0,120.00,Buy
479,2021-10-08T13:42:59.696Z,Update,2.0,120.00,Buy
480,2021-10-08T13:43:09.4Z,Update,1.0,120.00,Buy
481,2021-10-08T13:54:09Z,Insert,1.0,119.50,Sell
482,2021-10-08T13:56:02.499Z,Update,1.0,119.10,Sell
483,2021-10-08T13:56:14Z,Insert,1.0,118.65,Sell
484,2021-10-08T13:56:18Z,Insert,1.0,118.65,Sell
485,2021-10-08T13:57:52Z,Insert,2.0,119.00,Sell
486,2021-10-08T14:01:10Z,Insert,1.0,119.50,Sell
487,2021-10-08T14:01:12Z,Insert,1.0,119.50,Sell
488,2021-10-08T14:01:15Z,Insert,1.0,119.50,Sell
489,2021-10-08T14:01:15Z,Insert,1.0,119.50,Sell
490,2021-10-08T14:02:14Z,Insert,1.0,119.50,Sell
491,2021-10-08T14:04:26Z,Insert,1.0,119.50,Sell
492,2021-10-08T14:04:26Z,Insert,1.0,119.50,Sell
493,2021-10-08T14:04:26Z,Insert,1.0,119.50,Sell
494,2021-10-08T14:04:26Z,Insert,1.0,119.50,Sell
495,2021-10-08T14:04:33.507Z,Update,2.0,119.50,Buy
496,2021-10-08T14:08:59.89Z,Update,1.0,120.00,Buy
497,2021-10-08T14:09:56Z,Insert,1.0,120.00,Sell
498,2021-10-08T14:11:01Z,Insert,1.0,120.00,Buy
499,2021-10-08T14:11:01Z,Update,1.0,120.00,Buy
500,2021-10-08T14:11:53.231Z,Update,1.0,119.500,Sell
501,2021-10-08T14:13:00Z,Update,5.0,120.00,Sell
502,2021-10-08T14:13:00Z,Insert,5.0,120.00,Buy
503,2021-10-08T14:14:47Z,Insert,1.0,119.50,Sell
504,2021-10-08T14:14:52Z,Insert,1.0,119.50,Sell
505,2021-10-08T14:21:04Z,Insert,1.0,119.50,Sell
506,2021-10-08T14:21:52Z,Insert,1.0,119.00,Sell
507,2021-10-08T14:21:55Z,Insert,1.0,119.00,Sell
508,2021-10-08T14:21:59Z,Insert,1.0,119.00,Sell
509,2021-10-08T14:22:03Z,Insert,1.0,119.00,Sell
510,2021-10-08T14:25:48Z,Insert,1.0,119.00,Sell
511,2021-10-08T14:27:04.549Z,Update,1.0,119.00,Sell
512,2021-10-08T14:27:06Z,Insert,1.0,119.00,Sell
513,2021-10-08T14:27:39Z,Insert,1.0,119.50,Sell
514,2021-10-08T14:28:07Z,Update,1.0,119.00,Sell
515,2021-10-08T14:28:42Z,Insert,1.0,119.50,Sell
516,2021-10-08T14:28:42Z,Insert,1.0,119.50,Sell
517,2021-10-08T14:30:02Z,Insert,1.0,119.50,Sell
518,2021-10-08T14:30:26Z,Insert,1.0,119.00,Sell
519,2021-10-08T14:31:46.501Z,Update,1.0,119.00,Sell
520,2021-10-08T14:31:53.849Z,Update,1.0,119.00,Sell
521,2021-10-08T14:32:06.948Z,Update,1.0,119.00,Buy
522,2021-10-08T14:33:49.671Z,Update,1.0,119.00,Buy
523,2021-10-08T14:36:43.953Z,Update,1.0,119.25,Buy
524,2021-10-08T14:37:17.964Z,Update,1.0,119.25,Sell
525,2021-10-08T14:41:25Z,Insert,1.0,119.50,Sell
526,2021-10-08T14:49:36Z,Insert,2.0,119.50,Sell
527,2021-10-08T14:50:04Z,Update,1.0,119.50,Sell
528,2021-10-08T14:50:04Z,Insert,1.0,119.50,Sell
529,2021-10-08T14:51:40Z,Update,25.0,119.50,Sell
530,2021-10-08T14:51:40Z,Insert,25.0,119.50,Sell
531,2021-10-08T14:53:00Z,Insert,5.0,120.00,Buy
532,2021-10-08T14:53:26.465Z,Update,1.0,119.50,Sell
533,2021-10-08T14:55:30Z,Update,5.0,119.50,Sell
534,2021-10-08T14:56:41Z,Insert,1.0,119.50,Sell
535,2021-10-08T14:56:44.686Z,Update,1.0,119.50,Sell
536,2021-10-08T14:58:15Z,Insert,1.0,119.50,Sell
537,2021-10-08T14:58:20Z,Insert,1.0,119.50,Sell
538,2021-10-08T14:58:47Z,Insert,1.0,119.50,Sell
539,2021-10-08T14:59:07.201Z,Update,3.0,119.50,Sell
540,2021-10-08T15:02:53.091Z,Update,2.0,120.00,Buy
541,2021-10-08T15:02:53.562Z,Update,1.0,120.00,Buy
542,2021-10-08T15:02:56.585Z,Update,2.0,120.00,Buy
543,2021-10-08T15:03:21.166Z,Insert,1.0,120.00,Buy
544,2021-10-08T15:03:43Z,Insert,1.0,120.00,Sell
545,2021-10-08T15:03:47Z,Insert,1.0,120.00,Sell
546,2021-10-08T15:03:47Z,Insert,1.0,120.00,Sell
547,2021-10-08T15:03:49Z,Insert,1.0,120.00,Sell
548,2021-10-08T15:03:51Z,Insert,1.0,120.00,Sell
549,2021-10-08T15:03:57Z,Insert,1.0,120.00,Sell
550,2021-10-08T15:05:00Z,Update,1.0,120.00,Sell
551,2021-10-08T15:06:02Z,Insert,1.0,120.00,Sell
552,2021-10-08T15:10:37.136Z,Update,1.0,119.60,Sell
553,2021-10-08T15:10:45.134Z,Update,1.0,119.50,Sell
554,2021-10-08T15:10:45.134Z,Update,1.0,119.50,Sell
555,2021-10-08T15:12:57Z,Insert,1.0,119.20,Sell
556,2021-10-08T15:13:34Z,Insert,3.0,119.10,Sell
557,2021-10-08T15:13:52Z,Insert,1.0,119.00,Sell
558,2021-10-08T15:14:09Z,Insert,1.0,118.90,Sell
559,2021-10-08T15:14:20Z,Insert,1.0,118.80,Sell
560,2021-10-08T15:15:00Z,Update,2.0,118.80,Sell
561,2021-10-08T15:16:45Z,Insert,2.0,118.70,Sell
562,2021-10-08T15:17:35Z,Insert,1.0,118.50,Sell
563,2021-10-08T15:18:11Z,Insert,2.0,118.50,Sell
564,2021-10-08T15:19:11Z,Insert,1.0,118.10,Sell
565,2021-10-08T15:19:43Z,Insert,1.0,118.00,Sell
566,2021-10-08T15:19:56.943Z,Update,2.0,118.00,Sell
567,2021-10-08T15:19:58.505Z,Update,2.0,118.00,Sell
568,2021-10-08T15:20:03.143Z,Update,1.0,118.00,Sell
569,2021-10-08T15:20:54.333Z,Update,3.0,117.50,Sell
570,2021-10-08T15:21:10Z,Insert,1.0,117.10,Sell
571,2021-10-08T15:23:31Z,Insert,1.0,117.50,Sell
572,2021-10-08T15:23:33Z,Insert,1.0,117.50,Sell
573,2021-10-08T15:23:53Z,Insert,1.0,117.50,Sell
574,2021-10-08T15:23:54Z,Insert,1.0,117.50,Sell
575,2021-10-08T15:23:56Z,Insert,1.0,117.50,Sell
576,2021-10-08T15:23:59Z,Insert,1.0,117.50,Sell
577,2021-10-08T15:28:25.956Z,Update,1.0,117.50,Sell
578,2021-10-08T15:30:24Z,Insert,1.0,117.50,Sell
579,2021-10-08T15:36:32.535Z,Update,1.0,117.98,Buy
580,2021-10-08T15:37:03Z,Insert,1.0,118.00,Sell
581,2021-10-08T15:38:25Z,Insert,1.0,118.00,Sell
582,2021-10-08T15:41:12.404Z,Update,1.0,118.40,Sell
583,2021-10-08T15:41:12.404Z,Update,1.0,118.40,Sell
584,2021-10-08T15:44:58.98Z,Update,1.0,118.00,Sell
585,2021-10-08T15:48:40.788Z,Update,3.0,117.75,Sell
586,2021-10-08T15:49:06Z,Insert,1.0,117.50,Sell
587,2021-10-08T15:52:53Z,Insert,1.0,117.50,Sell
588,2021-10-08T15:53:47Z,Insert,1.0,117.50,Sell
589,2021-10-08T15:54:39.915Z,Update,1.0,117.25,Sell
