,DateTime,Action,Volume,Price,AggressorAction
0,2021-10-01T06:26:39Z,Insert,1.0,130.40,Sell
1,2021-10-01T06:28:56Z,Insert,1.0,131.50,Sell
2,2021-10-01T06:33:56.257Z,Update,1.0,131.55,Sell
3,2021-10-01T06:34:09.287Z,Update,1.0,131.50,Sell
4,2021-10-01T06:35:01Z,Insert,1.0,130.65,Sell
5,2021-10-01T06:35:05.58Z,Insert,1.0,131.00,Sell
6,2021-10-01T06:35:07Z,Insert,1.0,131.50,Sell
7,2021-10-01T06:39:02Z,Insert,1.0,131.50,Sell
8,2021-10-01T06:41:18.332Z,Update,1.0,130.75,Buy
9,2021-10-01T06:42:14Z,Insert,1.0,130.00,Sell
10,2021-10-01T06:43:11Z,Insert,1.0,130.00,Sell
11,2021-10-01T06:48:37.33Z,Update,1.0,129.60,Sell
12,2021-10-01T06:49:14Z,Insert,1.0,129.20,Sell
13,2021-10-01T06:49:58Z,Insert,1.0,129.00,Sell
14,2021-10-01T06:50:40Z,Insert,1.0,128.80,Sell
15,2021-10-01T06:50:51.349Z,Update,1.0,128.50,Sell
16,2021-10-01T06:56:37.782Z,Insert,1.0,129.00,Buy
17,2021-10-01T06:56:37.782Z,Insert,1.0,129.00,Buy
18,2021-10-01T06:57:45Z,Insert,1.0,129.00,Sell
19,2021-10-01T06:59:52.863Z,Insert,1.0,129.00,Buy
20,2021-10-01T06:59:52.863Z,Insert,1.0,129.00,Sell
21,2021-10-01T07:02:09Z,Insert,1.0,129.00,Sell
22,2021-10-01T07:02:09Z,Update,1.0,129.00,Sell
23,2021-10-01T07:08:27Z,Insert,1.0,129.50,Sell
24,2021-10-01T07:09:19.896Z,Update,2.0,130.00,Buy
25,2021-10-01T07:09:25Z,Update,1.0,129.50,Sell
26,2021-10-01T07:09:37Z,Insert,1.0,130.00,Sell
27,2021-10-01T07:10:10.359Z,Update,1.0,130.00,Sell
28,2021-10-01T07:10:11.996Z,Update,1.0,130.00,Sell
29,2021-10-01T07:10:25.024Z,Update,2.0,130.00,Buy
30,2021-10-01T07:12:37Z,Insert,1.0,130.50,Sell
31,2021-10-01T07:12:47Z,Insert,1.0,130.50,Sell
32,2021-10-01T07:13:16Z,Insert,1.0,130.50,Sell
33,2021-10-01T07:14:29.487Z,Update,1.0,130.00,Sell
34,2021-10-01T07:14:35.519Z,Update,1.0,130.00,Sell
35,2021-10-01T07:17:41Z,Insert,1.0,130.00,Sell
36,2021-10-01T07:20:07Z,Insert,2.0,130.30,Sell
37,2021-10-01T07:20:52.011Z,Update,2.0,130.50,Buy
38,2021-10-01T07:21:31Z,Insert,1.0,130.50,Sell
39,2021-10-01T07:23:01Z,Insert,1.0,131.00,Sell
40,2021-10-01T07:26:52Z,Insert,1.0,131.00,Sell
41,2021-10-01T07:26:59Z,Insert,1.0,131.00,Sell
42,2021-10-01T07:28:52Z,Insert,1.0,130.88,Sell
43,2021-10-01T07:30:12.395Z,Update,1.0,131.00,Sell
44,2021-10-01T07:30:14Z,Insert,1.0,131.00,Sell
45,2021-10-01T07:30:17Z,Insert,3.0,131.00,Sell
46,2021-10-01T07:30:35.319Z,Insert,1.0,131.00,Sell
47,2021-10-01T07:30:35.319Z,Insert,1.0,131.00,Sell
48,2021-10-01T07:33:05.844Z,Update,1.0,131.00,Buy
49,2021-10-01T07:39:17.409Z,Update,1.0,130.90,Sell
50,2021-10-01T07:39:42.077Z,Update,1.0,130.75,Sell
51,2021-10-01T07:39:42Z,Update,1.0,130.75,Buy
52,2021-10-01T07:39:43Z,Insert,1.0,130.75,Sell
53,2021-10-01T07:40:04.161Z,Insert,1.0,130.75,Buy
54,2021-10-01T07:40:04.161Z,Insert,1.0,130.75,Buy
55,2021-10-01T07:40:04.161Z,Insert,1.0,130.75,Sell
56,2021-10-01T07:44:45.492Z,Update,1.0,130.75,Sell
57,2021-10-01T07:44:48.256Z,Update,1.0,130.60,Sell
58,2021-10-01T07:44:48Z,Insert,1.0,130.60,Sell
59,2021-10-01T07:44:50.202Z,Update,1.0,130.75,Sell
60,2021-10-01T07:44:50.858Z,Update,1.0,130.60,Sell
61,2021-10-01T07:44:51.389Z,Update,1.0,130.60,Sell
62,2021-10-01T07:44:53.696Z,Update,1.0,130.75,Sell
63,2021-10-01T07:44:54.182Z,Update,1.0,130.60,Sell
64,2021-10-01T07:44:55.691Z,Update,1.0,130.75,Sell
65,2021-10-01T07:44:55Z,Insert,1.0,130.84,Sell
66,2021-10-01T07:44:57.911Z,Update,1.0,130.75,Sell
67,2021-10-01T07:45:01.031Z,Insert,1.0,130.75,Sell
68,2021-10-01T07:45:12.251Z,Update,1.0,130.60,Sell
69,2021-10-01T07:45:29.462Z,Update,1.0,130.60,Sell
70,2021-10-01T07:45:38.341Z,Update,1.0,130.60,Sell
71,2021-10-01T07:46:18.772Z,Update,1.0,130.60,Sell
72,2021-10-01T07:46:32.114Z,Update,1.0,130.50,Sell
73,2021-10-01T07:46:32.614Z,Update,1.0,130.50,Sell
74,2021-10-01T07:46:34.344Z,Update,10.0,130.30,Sell
75,2021-10-01T07:46:35.557Z,Update,2.0,130.50,Sell
76,2021-10-01T07:46:50Z,Insert,1.0,130.50,Sell
77,2021-10-01T07:47:18.35Z,Update,1.0,130.50,Sell
78,2021-10-01T07:48:15.824Z,Update,1.0,130.25,Sell
79,2021-10-01T07:48:20Z,Insert,1.0,130.15,Sell
80,2021-10-01T07:48:22Z,Insert,1.0,130.15,Sell
81,2021-10-01T07:48:26.354Z,Update,1.0,130.50,Sell
82,2021-10-01T07:48:44Z,Insert,2.0,130.00,Sell
83,2021-10-01T07:49:46.342Z,Update,1.0,130.00,Sell
84,2021-10-01T07:49:50.023Z,Update,1.0,130.00,Sell
85,2021-10-01T07:51:09.145Z,Update,1.0,130.00,Sell
86,2021-10-01T07:51:09Z,Insert,1.0,130.05,Sell
87,2021-10-01T07:51:14.81Z,Update,1.0,130.00,Sell
88,2021-10-01T07:51:20.098Z,Update,1.0,130.00,Sell
89,2021-10-01T07:51:20Z,Insert,1.0,130.30,Sell
90,2021-10-01T07:51:21Z,Insert,1.0,130.00,Sell
91,2021-10-01T07:51:28.889Z,Update,1.0,130.00,Sell
92,2021-10-01T07:51:56Z,Insert,1.0,130.00,Sell
93,2021-10-01T07:52:52Z,Insert,4.0,130.30,Sell
94,2021-10-01T07:54:49Z,Insert,1.0,130.30,Sell
95,2021-10-01T07:55:17.953Z,Update,1.0,130.40,Buy
96,2021-10-01T07:56:08.491Z,Insert,10.0,130.30,Sell
97,2021-10-01T07:57:41Z,Insert,1.0,130.50,Sell
98,2021-10-01T07:57:45.163Z,Update,1.0,130.500,Buy
99,2021-10-01T07:57:45.163Z,Insert,1.0,130.50,Sell
100,2021-10-01T07:59:48.68Z,Update,1.0,130.50,Sell
101,2021-10-01T08:00:16Z,Insert,5.0,130.50,Sell
102,2021-10-01T08:01:20Z,Insert,5.0,130.50,Sell
103,2021-10-01T08:03:03.777Z,Update,1.0,130.35,Sell
104,2021-10-01T08:03:03.819Z,Update,1.0,130.35,Sell
105,2021-10-01T08:03:07.772Z,Update,1.0,130.30,Sell
106,2021-10-01T08:04:06Z,Update,1.0,130.10,Buy
107,2021-10-01T08:04:06Z,Update,1.0,130.10,Sell
108,2021-10-01T08:04:36Z,Insert,1.0,130.00,Sell
109,2021-10-01T08:04:37Z,Insert,1.0,130.00,Sell
110,2021-10-01T08:04:40Z,Insert,1.0,130.00,Sell
111,2021-10-01T08:04:51Z,Insert,1.0,130.00,Sell
112,2021-10-01T08:05:00Z,Insert,1.0,130.20,Sell
113,2021-10-01T08:05:23.959Z,Update,1.0,130.10,Sell
114,2021-10-01T08:05:27Z,Insert,1.0,130.00,Sell
115,2021-10-01T08:06:47.787Z,Update,1.0,130.00,Buy
116,2021-10-01T08:07:50.777Z,Update,1.0,130.00,Buy
117,2021-10-01T08:07:54.051Z,Insert,1.0,130.00,Buy
118,2021-10-01T08:07:54.051Z,Insert,1.0,130.00,Buy
119,2021-10-01T08:07:54.051Z,Update,1.0,130.00,Sell
120,2021-10-01T08:07:54.051Z,Update,1.0,130.01,Buy
121,2021-10-01T08:08:06.103Z,Update,1.0,130.00,Sell
122,2021-10-01T08:09:01Z,Insert,1.0,130.00,Sell
123,2021-10-01T08:10:43.235Z,Insert,1.0,130.00,Buy
124,2021-10-01T08:10:43.235Z,Insert,1.0,130.00,Buy
125,2021-10-01T08:11:14.19Z,Update,1.0,130.00,Sell
126,2021-10-01T08:11:14Z,Update,1.0,130.00,Sell
127,2021-10-01T08:11:19Z,Insert,1.0,130.00,Sell
128,2021-10-01T08:11:55.87Z,Insert,1.0,129.90,Buy
129,2021-10-01T08:11:55Z,Insert,1.0,129.90,Buy
130,2021-10-01T08:11:55Z,Update,1.0,129.90,Buy
131,2021-10-01T08:12:10.337Z,Update,1.0,129.90,Sell
132,2021-10-01T08:12:58.812Z,Update,1.0,130.00,Sell
133,2021-10-01T08:14:10Z,Insert,3.0,130.00,Sell
134,2021-10-01T08:14:13Z,Insert,1.0,130.00,Sell
135,2021-10-01T08:14:15Z,Insert,1.0,130.00,Sell
136,2021-10-01T08:14:42.391Z,Insert,1.0,130.00,Buy
137,2021-10-01T08:15:00Z,Update,2.0,130.20,Buy
138,2021-10-01T08:15:01.782Z,Update,1.0,130.00,Buy
139,2021-10-01T08:15:34.695Z,Insert,2.0,130.20,Buy
140,2021-10-01T08:15:34.695Z,Insert,2.0,130.20,Buy
141,2021-10-01T08:18:30Z,Insert,1.0,130.00,Sell
142,2021-10-01T08:18:58.622Z,Update,1.0,130.250,Sell
143,2021-10-01T08:19:04Z,Insert,1.0,130.30,Sell
144,2021-10-01T08:19:57.532Z,Update,1.0,130.50,Buy
145,2021-10-01T08:19:58Z,Insert,1.0,130.50,Sell
146,2021-10-01T08:20:01.39Z,Insert,1.0,130.50,Buy
147,2021-10-01T08:21:36Z,Insert,1.0,130.50,Sell
148,2021-10-01T08:24:01Z,Insert,1.0,130.50,Sell
149,2021-10-01T08:25:23Z,Insert,1.0,130.50,Sell
150,2021-10-01T08:28:40Z,Insert,1.0,130.55,Sell
151,2021-10-01T08:29:23Z,Insert,1.0,130.74,Sell
152,2021-10-01T08:29:23Z,Insert,1.0,130.75,Sell
153,2021-10-01T08:29:38Z,Insert,2.0,130.75,Sell
154,2021-10-01T08:29:48Z,Insert,1.0,130.65,Sell
155,2021-10-01T08:30:08Z,Insert,1.0,131.00,Sell
156,2021-10-01T08:30:15Z,Insert,1.0,131.00,Sell
157,2021-10-01T08:35:54.971Z,Update,1.0,130.95,Buy
158,2021-10-01T08:36:01.739Z,Update,1.0,131.000,Buy
159,2021-10-01T08:36:03.276Z,Update,2.0,131.00,Buy
160,2021-10-01T08:40:04Z,Insert,1.0,131.05,Sell
161,2021-10-01T08:40:11Z,Insert,2.0,131.05,Sell
162,2021-10-01T08:41:16Z,Insert,1.0,131.00,Sell
163,2021-10-01T08:41:28.297Z,Update,1.0,131.00,Sell
164,2021-10-01T08:47:35.841Z,Update,1.0,131.00,Sell
165,2021-10-01T08:47:37.384Z,Update,1.0,131.00,Sell
166,2021-10-01T08:47:40.676Z,Update,1.0,131.00,Sell
167,2021-10-01T08:49:39Z,Insert,5.0,131.25,Sell
168,2021-10-01T08:49:43Z,Insert,2.0,131.30,Sell
169,2021-10-01T08:49:49Z,Insert,2.0,131.30,Sell
170,2021-10-01T08:52:51.13Z,Update,1.0,131.50,Sell
171,2021-10-01T08:55:22.535Z,Update,1.0,131.50,Sell
172,2021-10-01T08:55:47.285Z,Update,1.0,131.50,Buy
173,2021-10-01T08:56:03.659Z,Update,1.0,131.60,Buy
174,2021-10-01T08:57:03Z,Insert,1.0,131.30,Sell
175,2021-10-01T08:57:12Z,Insert,1.0,131.40,Sell
176,2021-10-01T08:58:57Z,Insert,1.0,131.50,Sell
177,2021-10-01T09:01:07Z,Insert,1.0,131.40,Sell
178,2021-10-01T09:01:09Z,Insert,1.0,131.40,Sell
179,2021-10-01T09:01:09Z,Insert,1.0,131.40,Sell
180,2021-10-01T09:03:57Z,Insert,1.0,131.40,Sell
181,2021-10-01T09:04:09Z,Insert,1.0,131.45,Sell
182,2021-10-01T09:05:25Z,Insert,1.0,131.35,Sell
183,2021-10-01T09:05:30Z,Insert,1.0,131.35,Sell
184,2021-10-01T09:05:38.883Z,Insert,1.0,131.35,Sell
185,2021-10-01T09:05:38.883Z,Insert,1.0,131.35,Sell
186,2021-10-01T09:06:00.076Z,Update,1.0,131.30,Sell
187,2021-10-01T09:06:00Z,Update,1.0,131.40,Sell
188,2021-10-01T09:06:07.874Z,Update,1.0,131.30,Sell
189,2021-10-01T09:06:08.282Z,Update,1.0,131.30,Sell
190,2021-10-01T09:06:22Z,Insert,2.0,131.30,Sell
191,2021-10-01T09:06:26Z,Insert,3.0,131.30,Sell
192,2021-10-01T09:06:50Z,Insert,1.0,131.30,Sell
193,2021-10-01T09:07:44Z,Insert,1.0,131.40,Buy
194,2021-10-01T09:07:44Z,Insert,1.0,131.40,Buy
195,2021-10-01T09:08:39Z,Insert,1.0,131.70,Sell
196,2021-10-01T09:08:46Z,Insert,1.0,131.75,Sell
197,2021-10-01T09:11:01Z,Insert,1.0,131.90,Sell
198,2021-10-01T09:11:08Z,Insert,2.0,132.00,Sell
199,2021-10-01T09:11:10.58Z,Update,1.0,132.00,Sell
200,2021-10-01T09:11:14Z,Insert,1.0,132.00,Buy
201,2021-10-01T09:11:14Z,Insert,1.0,132.00,Buy
202,2021-10-01T09:12:01.868Z,Update,3.0,132.00,Buy
203,2021-10-01T09:12:07.842Z,Update,1.0,132.00,Buy
204,2021-10-01T09:12:57Z,Insert,2.0,132.10,Sell
205,2021-10-01T09:12:59Z,Insert,1.0,132.10,Sell
206,2021-10-01T09:14:26Z,Insert,1.0,132.45,Sell
207,2021-10-01T09:14:33Z,Insert,1.0,132.50,Sell
208,2021-10-01T09:14:34Z,Insert,2.0,132.50,Sell
209,2021-10-01T09:14:35Z,Insert,1.0,132.50,Sell
210,2021-10-01T09:14:37Z,Insert,1.0,132.50,Sell
211,2021-10-01T09:14:47.397Z,Update,1.0,132.40,Sell
212,2021-10-01T09:14:50Z,Insert,1.0,132.50,Sell
213,2021-10-01T09:14:58Z,Insert,3.0,132.50,Sell
214,2021-10-01T09:14:59.3Z,Update,1.0,132.50,Buy
215,2021-10-01T09:15:00Z,Insert,2.0,131.35,Sell
216,2021-10-01T09:16:00Z,Update,2.0,131.35,Buy
217,2021-10-01T09:21:35Z,Insert,3.0,132.50,Sell
218,2021-10-01T09:21:38.381Z,Update,1.0,132.15,Sell
219,2021-10-01T09:22:24.333Z,Update,1.0,132.15,Sell
220,2021-10-01T09:22:31.771Z,Update,1.0,132.15,Sell
221,2021-10-01T09:31:48Z,Insert,2.0,132.50,Sell
222,2021-10-01T09:31:56.64Z,Update,1.0,132.50,Buy
223,2021-10-01T09:36:19.105Z,Update,2.0,132.50,Buy
224,2021-10-01T09:36:19.141Z,Update,3.0,132.50,Buy
225,2021-10-01T09:36:22.282Z,Update,1.0,132.50,Buy
226,2021-10-01T09:38:05.372Z,Update,1.0,132.50,Buy
227,2021-10-01T09:40:24.079Z,Update,1.0,132.50,Sell
228,2021-10-01T09:42:40.564Z,Update,1.0,132.50,Buy
229,2021-10-01T09:42:40.564Z,Update,3.0,132.50,Buy
230,2021-10-01T09:42:40.565Z,Update,1.0,132.50,Sell
231,2021-10-01T09:45:33Z,Insert,1.0,132.70,Sell
232,2021-10-01T09:45:47.809Z,Update,1.0,132.75,Sell
233,2021-10-01T09:46:14Z,Insert,1.0,132.80,Sell
234,2021-10-01T09:48:31.044Z,Update,1.0,132.80,Sell
235,2021-10-01T09:48:58.841Z,Update,1.0,132.80,Sell
236,2021-10-01T09:49:07Z,Insert,1.0,132.65,Sell
237,2021-10-01T09:51:13Z,Insert,1.0,132.80,Sell
238,2021-10-01T09:55:16.166Z,Update,1.0,133.00,Buy
239,2021-10-01T09:56:10.499Z,Update,1.0,133.20,Sell
240,2021-10-01T09:57:14.426Z,Insert,1.0,133.50,Buy
241,2021-10-01T09:57:14.426Z,Insert,1.0,133.50,Buy
242,2021-10-01T09:57:25.012Z,Update,1.0,133.50,Sell
243,2021-10-01T09:59:05.738Z,Update,2.0,133.50,Sell
244,2021-10-01T09:59:10.935Z,Update,1.0,133.50,Sell
245,2021-10-01T09:59:39Z,Insert,1.0,133.50,Sell
246,2021-10-01T10:00:12.114Z,Update,5.0,133.50,Sell
247,2021-10-01T10:00:25Z,Insert,1.0,133.40,Sell
248,2021-10-01T10:00:50.802Z,Update,5.0,133.50,Sell
249,2021-10-01T10:00:50.853Z,Insert,5.0,133.40,Buy
250,2021-10-01T10:00:50.853Z,Insert,5.0,133.40,Buy
251,2021-10-01T10:03:54.939Z,Update,1.0,133.50,Buy
252,2021-10-01T10:03:58.014Z,Update,1.0,133.50,Buy
253,2021-10-01T10:04:06.144Z,Update,1.0,133.50,Buy
254,2021-10-01T10:04:41Z,Insert,1.0,133.40,Sell
255,2021-10-01T10:04:59Z,Insert,1.0,133.50,Sell
256,2021-10-01T10:05:38Z,Insert,1.0,133.50,Sell
257,2021-10-01T10:05:40.145Z,Update,1.0,133.53,Sell
258,2021-10-01T10:05:42Z,Insert,1.0,133.53,Sell
259,2021-10-01T10:05:47Z,Insert,1.0,133.63,Sell
260,2021-10-01T10:05:58.923Z,Update,1.0,133.70,Sell
261,2021-10-01T10:06:28Z,Insert,1.0,133.70,Sell
262,2021-10-01T10:07:26Z,Insert,1.0,133.75,Sell
263,2021-10-01T10:07:27Z,Insert,1.0,133.75,Sell
264,2021-10-01T10:07:29Z,Insert,1.0,133.75,Sell
265,2021-10-01T10:07:35Z,Insert,1.0,133.75,Sell
266,2021-10-01T10:07:41Z,Insert,1.0,133.75,Sell
267,2021-10-01T10:11:39Z,Insert,1.0,133.50,Sell
268,2021-10-01T10:14:03Z,Insert,1.0,133.20,Sell
269,2021-10-01T10:14:06Z,Insert,1.0,133.15,Sell
270,2021-10-01T10:14:07Z,Insert,1.0,133.00,Sell
271,2021-10-01T10:15:10Z,Insert,1.0,133.15,Sell
272,2021-10-01T10:15:19Z,Insert,1.0,133.20,Sell
273,2021-10-01T10:15:24Z,Insert,1.0,133.20,Sell
274,2021-10-01T10:15:26Z,Insert,1.0,133.20,Sell
275,2021-10-01T10:15:38.169Z,Update,5.0,133.20,Buy
276,2021-10-01T10:15:46.795Z,Update,1.0,132.85,Sell
277,2021-10-01T10:18:30.139Z,Update,5.0,133.00,Sell
278,2021-10-01T10:18:30Z,Insert,1.0,132.70,Sell
279,2021-10-01T10:18:32Z,Insert,1.0,132.60,Sell
280,2021-10-01T10:18:38.442Z,Update,1.0,132.60,Buy
281,2021-10-01T10:22:44Z,Insert,5.0,133.50,Buy
282,2021-10-01T10:22:50Z,Insert,1.0,133.20,Sell
283,2021-10-01T10:23:51Z,Insert,2.0,133.50,Sell
284,2021-10-01T10:25:43.982Z,Update,5.0,133.40,Sell
285,2021-10-01T10:30:43Z,Insert,1.0,133.05,Sell
286,2021-10-01T10:33:30.086Z,Update,5.0,133.25,Sell
287,2021-10-01T10:35:43Z,Insert,1.0,133.30,Sell
288,2021-10-01T10:35:49.031Z,Update,5.0,133.05,Buy
289,2021-10-01T10:35:49.538Z,Update,2.0,133.25,Sell
290,2021-10-01T10:35:49.697Z,Update,1.0,133.25,Sell
291,2021-10-01T10:35:49Z,Insert,1.0,133.05,Sell
292,2021-10-01T10:36:01Z,Insert,1.0,132.90,Sell
293,2021-10-01T10:39:18Z,Insert,1.0,133.00,Sell
294,2021-10-01T10:39:31Z,Insert,2.0,133.00,Sell
295,2021-10-01T10:42:46.873Z,Update,4.0,133.05,Buy
296,2021-10-01T10:42:46.873Z,Update,1.0,133.05,Sell
297,2021-10-01T10:43:10Z,Insert,1.0,133.20,Sell
298,2021-10-01T10:46:06.839Z,Update,2.0,133.35,Sell
299,2021-10-01T10:46:11Z,Insert,1.0,133.35,Sell
300,2021-10-01T10:46:13Z,Insert,1.0,133.35,Sell
301,2021-10-01T10:46:15Z,Insert,1.0,133.35,Sell
302,2021-10-01T10:47:54Z,Insert,2.0,133.50,Sell
303,2021-10-01T10:49:48.996Z,Update,1.0,133.50,Sell
304,2021-10-01T10:49:49Z,Insert,1.0,133.50,Sell
305,2021-10-01T10:49:51Z,Insert,1.0,133.50,Sell
306,2021-10-01T10:52:34.074Z,Update,4.0,133.70,Buy
307,2021-10-01T10:52:37.987Z,Update,4.0,133.70,Buy
308,2021-10-01T10:53:47Z,Insert,2.0,134.00,Sell
309,2021-10-01T10:53:47Z,Insert,1.0,134.00,Sell
310,2021-10-01T10:53:49Z,Insert,1.0,134.00,Sell
311,2021-10-01T10:53:49Z,Insert,1.0,134.00,Sell
312,2021-10-01T10:58:07.983Z,Update,1.0,133.85,Sell
313,2021-10-01T10:58:14.342Z,Update,2.0,133.90,Sell
314,2021-10-01T10:58:14Z,Insert,1.0,133.95,Buy
315,2021-10-01T11:00:41Z,Insert,1.0,134.20,Sell
316,2021-10-01T11:11:37.815Z,Update,1.0,134.40,Sell
317,2021-10-01T11:12:59.947Z,Update,2.0,134.50,Sell
318,2021-10-01T11:13:21.243Z,Update,2.0,134.50,Sell
319,2021-10-01T11:14:42Z,Update,1.0,134.50,Sell
320,2021-10-01T11:17:31.712Z,Insert,2.0,134.45,Sell
321,2021-10-01T11:17:31.712Z,Insert,2.0,134.45,Sell
322,2021-10-01T11:20:39.355Z,Update,5.0,134.50,Buy
323,2021-10-01T11:21:51.193Z,Insert,1.0,134.30,Sell
324,2021-10-01T11:21:51.193Z,Insert,1.0,134.30,Sell
325,2021-10-01T11:22:41Z,Insert,1.0,134.25,Sell
326,2021-10-01T11:22:57Z,Insert,1.0,134.30,Sell
327,2021-10-01T11:23:00Z,Insert,1.0,134.30,Sell
328,2021-10-01T11:23:08Z,Insert,2.0,134.30,Sell
329,2021-10-01T11:23:35Z,Insert,1.0,134.20,Sell
330,2021-10-01T11:24:48.807Z,Update,2.0,134.15,Sell
331,2021-10-01T11:25:18.853Z,Insert,5.0,134.20,Buy
332,2021-10-01T11:25:18.853Z,Update,5.0,134.21,Sell
333,2021-10-01T11:25:18.853Z,Insert,5.0,134.20,Buy
334,2021-10-01T11:25:21.645Z,Update,1.0,134.25,Sell
335,2021-10-01T11:32:58Z,Insert,3.0,134.40,Sell
336,2021-10-01T11:33:19.58Z,Update,2.0,134.50,Buy
337,2021-10-01T11:33:21.637Z,Update,1.0,134.50,Sell
338,2021-10-01T11:33:23.692Z,Update,1.0,134.50,Sell
339,2021-10-01T11:33:23.802Z,Update,1.0,134.50,Sell
340,2021-10-01T11:33:23.933Z,Update,1.0,134.50,Sell
341,2021-10-01T11:33:26Z,Insert,1.0,134.50,Sell
342,2021-10-01T11:33:30Z,Insert,1.0,134.50,Sell
343,2021-10-01T11:33:33Z,Insert,1.0,134.50,Sell
344,2021-10-01T11:33:37Z,Insert,1.0,134.50,Sell
345,2021-10-01T11:33:37Z,Insert,1.0,134.50,Sell
346,2021-10-01T11:33:37Z,Insert,1.0,134.50,Sell
347,2021-10-01T11:33:38Z,Insert,1.0,134.41,Sell
348,2021-10-01T11:33:38Z,Insert,1.0,134.40,Sell
349,2021-10-01T11:33:39Z,Insert,1.0,134.40,Sell
350,2021-10-01T11:34:16.75Z,Update,1.0,134.50,Sell
351,2021-10-01T11:34:54Z,Insert,1.0,134.65,Sell
352,2021-10-01T11:35:06Z,Insert,2.0,134.75,Sell
353,2021-10-01T11:35:10Z,Insert,1.0,134.75,Sell
354,2021-10-01T11:37:54Z,Insert,2.0,135.00,Sell
355,2021-10-01T11:38:50.545Z,Update,1.0,134.75,Buy
356,2021-10-01T11:40:39.491Z,Update,2.0,134.80,Sell
357,2021-10-01T11:41:21.575Z,Update,1.0,135.00,Buy
358,2021-10-01T11:43:53.574Z,Update,1.0,135.00,Sell
359,2021-10-01T11:44:08.428Z,Update,1.0,134.98,Buy
360,2021-10-01T11:44:28.232Z,Update,1.0,135.10,Buy
361,2021-10-01T11:47:32.545Z,Update,1.0,135.00,Sell
362,2021-10-01T11:47:32Z,Insert,2.0,135.00,Sell
363,2021-10-01T11:51:59.605Z,Update,1.0,135.00,Sell
364,2021-10-01T11:55:16Z,Insert,1.0,134.65,Sell
365,2021-10-01T11:55:16Z,Insert,1.0,134.65,Sell
366,2021-10-01T11:55:31Z,Insert,1.0,134.60,Sell
367,2021-10-01T11:55:42.994Z,Update,1.0,134.55,Sell
368,2021-10-01T11:56:09Z,Update,8.0,134.40,Sell
369,2021-10-01T11:56:09Z,Insert,8.0,134.40,Sell
370,2021-10-01T11:57:02.697Z,Update,1.0,134.50,Sell
371,2021-10-01T11:57:12.94Z,Update,2.0,134.30,Sell
372,2021-10-01T11:57:23Z,Insert,1.0,134.30,Sell
373,2021-10-01T11:57:26Z,Insert,1.0,134.30,Sell
374,2021-10-01T11:57:41Z,Insert,2.0,134.30,Sell
375,2021-10-01T11:57:41Z,Insert,1.0,134.30,Sell
376,2021-10-01T12:00:52.224Z,Update,1.0,134.30,Sell
377,2021-10-01T12:03:46Z,Insert,8.0,134.10,Sell
378,2021-10-01T12:06:15.998Z,Update,2.0,134.30,Buy
379,2021-10-01T12:07:58.465Z,Update,1.0,134.25,Sell
380,2021-10-01T12:08:10.365Z,Update,1.0,134.25,Sell
381,2021-10-01T12:08:23.166Z,Update,2.0,134.30,Buy
382,2021-10-01T12:09:12.337Z,Update,4.0,134.25,Buy
383,2021-10-01T12:09:53.324Z,Update,1.0,134.25,Sell
384,2021-10-01T12:11:08Z,Insert,1.0,134.10,Sell
385,2021-10-01T12:13:00Z,Update,3.0,134.30,Sell
386,2021-10-01T12:13:34Z,Insert,1.0,134.30,Sell
387,2021-10-01T12:13:49Z,Insert,1.0,134.10,Sell
388,2021-10-01T12:13:52.488Z,Insert,1.0,134.10,Sell
389,2021-10-01T12:13:56.006Z,Update,1.0,134.00,Sell
390,2021-10-01T12:13:56Z,Insert,1.0,133.80,Sell
391,2021-10-01T12:14:49Z,Insert,1.0,133.85,Sell
392,2021-10-01T12:20:00Z,Update,1.0,133.75,Sell
393,2021-10-01T12:20:53.028Z,Update,2.0,133.95,Sell
394,2021-10-01T12:20:53Z,Insert,1.0,133.75,Sell
395,2021-10-01T12:20:53Z,Insert,1.0,133.85,Sell
396,2021-10-01T12:20:54Z,Insert,1.0,133.70,Sell
397,2021-10-01T12:22:32.554Z,Update,1.0,133.85,Sell
398,2021-10-01T12:24:17.989Z,Insert,1.0,133.89,Sell
399,2021-10-01T12:24:17.989Z,Insert,1.0,133.89,Sell
400,2021-10-01T12:25:59.031Z,Update,1.0,133.85,Sell
401,2021-10-01T12:25:59.864Z,Update,1.0,133.70,Buy
402,2021-10-01T12:26:00Z,Update,1.0,134.05,Sell
403,2021-10-01T12:26:01.696Z,Update,1.0,134.05,Buy
404,2021-10-01T12:26:01.731Z,Update,1.0,133.85,Buy
405,2021-10-01T12:27:10Z,Insert,1.0,133.70,Sell
406,2021-10-01T12:27:12Z,Insert,1.0,133.70,Sell
407,2021-10-01T12:27:27Z,Insert,1.0,133.50,Sell
408,2021-10-01T12:27:28Z,Insert,1.0,133.50,Sell
409,2021-10-01T12:28:14.706Z,Update,1.0,133.60,Buy
410,2021-10-01T12:29:00Z,Update,1.0,133.60,Sell
411,2021-10-01T12:30:47Z,Insert,1.0,133.45,Sell
412,2021-10-01T12:30:47Z,Insert,1.0,133.45,Sell
413,2021-10-01T12:30:55Z,Insert,1.0,133.40,Sell
414,2021-10-01T12:31:00Z,Update,1.0,133.40,Sell
415,2021-10-01T12:31:12.257Z,Insert,2.0,133.35,Sell
416,2021-10-01T12:31:12.257Z,Insert,2.0,133.35,Sell
417,2021-10-01T12:32:17.435Z,Insert,1.0,133.25,Sell
418,2021-10-01T12:32:35.57Z,Insert,2.0,133.00,Sell
419,2021-10-01T12:32:35.57Z,Update,2.0,133.000,Sell
420,2021-10-01T12:34:00Z,Update,2.0,133.00,Sell
421,2021-10-01T12:34:16.157Z,Update,1.0,133.00,Sell
422,2021-10-01T12:35:00Z,Insert,1.0,133.10,Sell
423,2021-10-01T12:35:10.634Z,Update,1.0,133.00,Sell
424,2021-10-01T12:35:18Z,Insert,1.0,133.10,Sell
425,2021-10-01T12:35:28.987Z,Update,1.0,133.00,Buy
426,2021-10-01T12:35:40.147Z,Update,1.0,133.000,Sell
427,2021-10-01T12:36:33.812Z,Update,1.0,132.75,Sell
428,2021-10-01T12:36:39Z,Insert,1.0,132.50,Sell
429,2021-10-01T12:36:59Z,Insert,1.0,132.21,Sell
430,2021-10-01T12:37:00Z,Update,4.0,132.55,Sell
431,2021-10-01T12:37:11Z,Insert,1.0,132.55,Sell
432,2021-10-01T12:37:18.125Z,Update,1.0,132.35,Sell
433,2021-10-01T12:37:19.346Z,Update,1.0,132.10,Buy
434,2021-10-01T12:37:41.543Z,Insert,1.0,132.10,Buy
435,2021-10-01T12:37:41.543Z,Insert,1.0,132.10,Buy
436,2021-10-01T12:37:41.543Z,Insert,1.0,132.10,Buy
437,2021-10-01T12:37:41.543Z,Insert,1.0,132.10,Buy
438,2021-10-01T12:37:41.543Z,Insert,1.0,132.10,Buy
439,2021-10-01T12:37:42Z,Insert,1.0,132.05,Sell
440,2021-10-01T12:37:44.103Z,Update,3.0,132.40,Sell
441,2021-10-01T12:37:54.97Z,Update,1.0,132.00,Buy
442,2021-10-01T12:37:55.822Z,Update,1.0,132.00,Sell
443,2021-10-01T12:37:59.354Z,Update,1.0,132.00,Buy
444,2021-10-01T12:37:59.823Z,Update,2.0,132.00,Sell
445,2021-10-01T12:38:15Z,Update,1.0,132.00,Buy
446,2021-10-01T12:39:05Z,Insert,2.0,132.15,Sell
447,2021-10-01T12:40:59Z,Insert,1.0,132.50,Sell
448,2021-10-01T12:41:35Z,Insert,1.0,132.60,Sell
449,2021-10-01T12:41:40Z,Insert,2.0,132.60,Sell
450,2021-10-01T12:44:03.656Z,Update,1.0,132.65,Buy
451,2021-10-01T12:46:38.053Z,Insert,1.0,132.55,Sell
452,2021-10-01T12:46:38.053Z,Insert,1.0,132.55,Sell
453,2021-10-01T12:46:47.789Z,Update,1.0,132.55,Buy
454,2021-10-01T12:46:51.353Z,Update,1.0,132.55,Sell
455,2021-10-01T12:48:01.862Z,Update,1.0,132.55,Sell
456,2021-10-01T12:49:25Z,Insert,2.0,133.00,Sell
457,2021-10-01T12:49:35.215Z,Update,2.0,133.000,Sell
458,2021-10-01T12:50:43.778Z,Update,1.0,133.00,Sell
459,2021-10-01T12:53:29.818Z,Update,1.0,133.00,Sell
460,2021-10-01T12:53:30.717Z,Update,1.0,133.00,Buy
461,2021-10-01T12:53:34.01Z,Update,1.0,133.00,Buy
462,2021-10-01T12:53:36.787Z,Update,1.0,133.00,Sell
463,2021-10-01T12:53:39.755Z,Update,1.0,133.00,Buy
464,2021-10-01T12:53:42.936Z,Update,1.0,133.00,Buy
465,2021-10-01T12:54:01.532Z,Update,1.0,133.10,Sell
466,2021-10-01T12:54:02.084Z,Update,1.0,133.00,Buy
467,2021-10-01T12:54:30.754Z,Insert,1.0,133.25,Sell
468,2021-10-01T12:56:30Z,Insert,1.0,133.24,Sell
469,2021-10-01T13:01:07Z,Insert,3.0,133.25,Sell
470,2021-10-01T13:02:04.138Z,Update,2.0,133.25,Sell
471,2021-10-01T13:02:10.598Z,Insert,1.0,133.25,Sell
472,2021-10-01T13:05:44Z,Insert,1.0,133.25,Sell
473,2021-10-01T13:06:00Z,Update,2.0,133.25,Sell
474,2021-10-01T13:06:12.708Z,Update,2.0,133.25,Sell
475,2021-10-01T13:09:12Z,Insert,1.0,133.00,Sell
476,2021-10-01T13:09:12Z,Insert,1.0,133.00,Sell
477,2021-10-01T13:09:21Z,Insert,1.0,132.95,Sell
478,2021-10-01T13:10:00Z,Update,5.0,133.05,Sell
479,2021-10-01T13:10:37.706Z,Update,1.0,133.05,Sell
480,2021-10-01T13:10:37Z,Insert,1.0,132.85,Sell
481,2021-10-01T13:10:38Z,Insert,1.0,132.80,Sell
482,2021-10-01T13:10:48Z,Insert,1.0,132.70,Sell
483,2021-10-01T13:10:55Z,Insert,1.0,132.70,Sell
484,2021-10-01T13:11:00Z,Update,5.0,132.65,Sell
485,2021-10-01T13:12:04.063Z,Update,4.0,133.05,Sell
486,2021-10-01T13:12:35Z,Insert,1.0,132.50,Sell
487,2021-10-01T13:12:35Z,Insert,1.0,132.50,Sell
488,2021-10-01T13:12:39.862Z,Update,1.0,132.50,Sell
489,2021-10-01T13:12:55Z,Insert,2.0,132.50,Sell
490,2021-10-01T13:12:56.858Z,Update,1.0,132.50,Sell
491,2021-10-01T13:12:59Z,Insert,2.0,132.50,Sell
492,2021-10-01T13:13:10Z,Insert,1.0,132.36,Sell
493,2021-10-01T13:13:30.72Z,Update,3.0,132.65,Sell
494,2021-10-01T13:13:34.926Z,Update,1.0,132.65,Buy
495,2021-10-01T13:13:45.883Z,Update,1.0,132.65,Sell
496,2021-10-01T13:14:24Z,Insert,1.0,132.30,Sell
497,2021-10-01T13:14:29Z,Insert,1.0,132.10,Sell
498,2021-10-01T13:14:30Z,Insert,1.0,132.10,Sell
499,2021-10-01T13:14:36Z,Insert,1.0,131.80,Sell
500,2021-10-01T13:14:38Z,Insert,1.0,132.10,Sell
501,2021-10-01T13:14:43Z,Insert,1.0,132.10,Sell
502,2021-10-01T13:14:48Z,Insert,1.0,132.10,Sell
503,2021-10-01T13:14:48Z,Insert,1.0,131.91,Sell
504,2021-10-01T13:14:58Z,Insert,1.0,131.42,Sell
505,2021-10-01T13:15:06Z,Insert,1.0,131.40,Sell
506,2021-10-01T13:16:34Z,Insert,1.0,131.69,Sell
507,2021-10-01T13:17:38.336Z,Update,1.0,132.00,Sell
508,2021-10-01T13:17:46.039Z,Update,1.0,131.75,Buy
509,2021-10-01T13:17:46.26Z,Update,1.0,131.75,Buy
510,2021-10-01T13:17:53.447Z,Update,1.0,131.75,Buy
511,2021-10-01T13:18:21.186Z,Update,1.0,132.00,Sell
512,2021-10-01T13:18:27Z,Insert,1.0,131.75,Sell
513,2021-10-01T13:18:41.995Z,Update,1.0,132.000,Buy
514,2021-10-01T13:19:23.361Z,Update,2.0,132.000,Sell
515,2021-10-01T13:19:50Z,Insert,1.0,131.98,Sell
516,2021-10-01T13:19:54Z,Insert,4.0,131.98,Sell
517,2021-10-01T13:22:05.898Z,Update,1.0,131.75,Sell
518,2021-10-01T13:23:24.463Z,Update,1.0,131.45,Sell
519,2021-10-01T13:24:59Z,Insert,1.0,131.45,Sell
520,2021-10-01T13:25:03Z,Insert,1.0,131.45,Sell
521,2021-10-01T13:25:08Z,Insert,1.0,131.45,Sell
522,2021-10-01T13:25:39Z,Insert,1.0,131.45,Sell
523,2021-10-01T13:31:23Z,Insert,1.0,132.25,Sell
524,2021-10-01T13:31:30Z,Insert,1.0,132.25,Sell
525,2021-10-01T13:31:38Z,Insert,2.0,132.25,Sell
526,2021-10-01T13:31:41Z,Insert,2.0,132.25,Sell
527,2021-10-01T13:31:44Z,Insert,1.0,132.25,Sell
528,2021-10-01T13:31:46Z,Insert,1.0,132.25,Sell
529,2021-10-01T13:31:46Z,Insert,2.0,132.25,Sell
530,2021-10-01T13:33:07Z,Insert,1.0,132.35,Sell
531,2021-10-01T13:38:17.358Z,Update,1.0,132.35,Buy
532,2021-10-01T13:39:21.254Z,Insert,1.0,132.30,Sell
533,2021-10-01T13:40:18.848Z,Update,1.0,132.30,Sell
534,2021-10-01T13:40:18.848Z,Update,1.0,132.30,Sell
535,2021-10-01T13:43:26.534Z,Update,1.0,132.20,Sell
536,2021-10-01T13:44:03.362Z,Update,1.0,132.15,Sell
537,2021-10-01T13:44:08Z,Insert,1.0,132.25,Sell
538,2021-10-01T13:44:23Z,Insert,1.0,132.30,Sell
539,2021-10-01T13:44:23Z,Update,5.0,132.30,Buy
540,2021-10-01T13:44:28Z,Insert,1.0,132.35,Sell
541,2021-10-01T13:45:28Z,Insert,1.0,132.35,Sell
542,2021-10-01T13:46:51Z,Insert,1.0,132.40,Sell
543,2021-10-01T13:47:04Z,Update,1.0,132.40,Sell
544,2021-10-01T13:49:11.407Z,Insert,5.0,132.50,Sell
545,2021-10-01T13:49:33.048Z,Update,5.0,132.50,Sell
546,2021-10-01T13:52:59Z,Insert,1.0,132.70,Sell
547,2021-10-01T13:53:05.092Z,Insert,1.0,132.90,Sell
548,2021-10-01T13:53:11Z,Insert,2.0,132.93,Sell
549,2021-10-01T13:54:31Z,Insert,1.0,132.75,Sell
550,2021-10-01T13:54:31Z,Insert,1.0,132.75,Sell
551,2021-10-01T13:54:32Z,Insert,1.0,132.75,Sell
552,2021-10-01T13:54:32Z,Insert,1.0,132.75,Sell
553,2021-10-01T13:54:33Z,Insert,1.0,132.75,Sell
554,2021-10-01T13:56:56Z,Insert,1.0,133.05,Sell
555,2021-10-01T13:56:56Z,Insert,2.0,133.10,Sell
556,2021-10-01T13:57:32Z,Insert,1.0,133.15,Sell
557,2021-10-01T13:57:36Z,Insert,1.0,133.15,Sell
558,2021-10-01T13:57:44Z,Insert,1.0,133.15,Sell
559,2021-10-01T13:57:46Z,Insert,1.0,133.15,Sell
560,2021-10-01T13:57:46Z,Insert,1.0,133.15,Sell
561,2021-10-01T13:57:47Z,Insert,1.0,133.15,Sell
562,2021-10-01T13:57:48Z,Insert,1.0,133.15,Sell
563,2021-10-01T13:57:48Z,Insert,1.0,133.15,Sell
564,2021-10-01T13:57:49Z,Insert,1.0,133.15,Sell
565,2021-10-01T13:57:49Z,Insert,1.0,133.15,Sell
566,2021-10-01T13:57:49Z,Insert,1.0,133.15,Sell
567,2021-10-01T13:57:50Z,Insert,1.0,133.15,Sell
568,2021-10-01T13:57:50Z,Insert,1.0,133.15,Sell
569,2021-10-01T13:57:50Z,Insert,1.0,133.15,Sell
570,2021-10-01T13:57:51Z,Insert,1.0,133.15,Sell
571,2021-10-01T13:57:51Z,Insert,1.0,133.15,Sell
572,2021-10-01T13:57:51Z,Insert,1.0,133.15,Sell
573,2021-10-01T13:57:51Z,Insert,1.0,133.15,Sell
574,2021-10-01T13:57:52Z,Insert,1.0,133.15,Sell
575,2021-10-01T13:57:53Z,Insert,1.0,133.15,Sell
576,2021-10-01T13:57:53Z,Insert,1.0,133.15,Sell
577,2021-10-01T13:59:28Z,Insert,1.0,133.15,Sell
578,2021-10-01T14:01:43Z,Insert,2.0,133.25,Sell
579,2021-10-01T14:04:48.159Z,Update,1.0,133.25,Sell
580,2021-10-01T14:05:58.565Z,Update,1.0,133.25,Buy
581,2021-10-01T14:11:57.784Z,Update,2.0,133.40,Sell
582,2021-10-01T14:12:49.431Z,Update,1.0,133.40,Sell
583,2021-10-01T14:13:54.233Z,Update,1.0,133.40,Sell
584,2021-10-01T14:13:54.248Z,Update,1.0,133.40,Sell
585,2021-10-01T14:16:19.198Z,Update,4.0,133.25,Sell
586,2021-10-01T14:20:00Z,Update,1.0,133.30,Sell
587,2021-10-01T14:20:29.988Z,Update,1.0,133.30,Sell
588,2021-10-01T14:20:43.227Z,Insert,1.0,133.25,Sell
589,2021-10-01T14:20:43.227Z,Insert,1.0,133.25,Sell
590,2021-10-01T14:21:02Z,Insert,1.0,133.30,Sell
591,2021-10-01T14:23:27Z,Insert,1.0,133.30,Buy
592,2021-10-01T14:23:27Z,Insert,1.0,133.30,Buy
593,2021-10-01T14:24:06.224Z,Update,1.0,133.40,Buy
594,2021-10-01T14:25:00Z,Update,25.0,133.30,Sell
595,2021-10-01T14:25:00Z,Insert,25.0,133.30,Sell
596,2021-10-01T14:26:34Z,Insert,1.0,133.50,Sell
597,2021-10-01T14:26:37.172Z,Update,1.0,133.50,Buy
598,2021-10-01T14:28:08.473Z,Update,1.0,133.50,Sell
599,2021-10-01T14:28:33.598Z,Update,1.0,133.50,Sell
600,2021-10-01T14:30:09.395Z,Update,1.0,133.50,Sell
601,2021-10-01T14:30:14.836Z,Update,1.0,133.50,Sell
602,2021-10-01T14:30:15Z,Insert,1.0,133.50,Sell
603,2021-10-01T14:30:30.746Z,Update,1.0,133.50,Sell
604,2021-10-01T14:30:32.887Z,Update,1.0,133.50,Sell
605,2021-10-01T14:30:35.129Z,Update,1.0,133.50,Sell
606,2021-10-01T14:30:38.121Z,Update,1.0,133.50,Sell
607,2021-10-01T14:30:41Z,Insert,1.0,133.50,Sell
608,2021-10-01T14:30:51Z,Insert,1.0,133.50,Sell
609,2021-10-01T14:33:44.428Z,Update,1.0,133.40,Sell
610,2021-10-01T14:40:48.28Z,Update,2.0,133.50,Sell
611,2021-10-01T14:41:32.894Z,Update,1.0,133.50,Sell
612,2021-10-01T14:42:00.124Z,Update,1.0,133.50,Sell
613,2021-10-01T14:42:00Z,Update,3.0,133.50,Sell
614,2021-10-01T14:42:16Z,Insert,1.0,133.40,Sell
615,2021-10-01T14:42:24Z,Insert,1.0,133.40,Sell
616,2021-10-01T14:43:19.531Z,Update,1.0,133.50,Buy
617,2021-10-01T14:44:07.819Z,Update,1.0,133.50,Sell
618,2021-10-01T14:44:28.752Z,Update,1.0,133.500,Sell
619,2021-10-01T14:46:43.596Z,Update,1.0,133.50,Sell
620,2021-10-01T14:47:04.42Z,Update,1.0,133.50,Sell
621,2021-10-01T14:47:10.201Z,Update,1.0,133.50,Sell
622,2021-10-01T14:50:21Z,Insert,1.0,133.50,Sell
623,2021-10-01T14:51:15.104Z,Update,1.0,133.65,Buy
624,2021-10-01T14:53:02.568Z,Update,2.0,133.50,Sell
625,2021-10-01T14:53:23.354Z,Update,2.0,133.55,Buy
626,2021-10-01T14:53:25.253Z,Update,1.0,133.55,Buy
627,2021-10-01T14:54:26.295Z,Update,1.0,133.55,Buy
628,2021-10-01T14:54:26.789Z,Update,1.0,133.55,Buy
629,2021-10-01T14:54:36Z,Insert,1.0,133.50,Sell
630,2021-10-01T14:54:43Z,Insert,1.0,133.50,Sell
631,2021-10-01T14:54:55Z,Insert,1.0,133.50,Sell
632,2021-10-01T14:56:21.602Z,Update,1.0,133.40,Sell
633,2021-10-01T14:56:25.211Z,Update,1.0,133.40,Sell
634,2021-10-01T14:56:48.524Z,Update,1.0,133.40,Sell
635,2021-10-01T14:56:48.992Z,Update,1.0,133.40,Sell
636,2021-10-01T14:56:49.617Z,Update,1.0,133.40,Sell
637,2021-10-01T14:57:27.436Z,Update,3.0,133.500,Sell
638,2021-10-01T14:59:59.46Z,Update,1.0,133.40,Sell
639,2021-10-01T15:00:02.523Z,Update,1.0,133.40,Sell
640,2021-10-01T15:00:02.96Z,Update,1.0,133.40,Sell
641,2021-10-01T15:00:06.694Z,Update,1.0,133.40,Sell
642,2021-10-01T15:00:10.585Z,Update,1.0,133.40,Sell
643,2021-10-01T15:01:34.522Z,Update,1.0,133.40,Sell
644,2021-10-01T15:01:47.866Z,Update,1.0,133.40,Sell
645,2021-10-01T15:01:51.834Z,Update,1.0,133.40,Sell
646,2021-10-01T15:01:58.631Z,Update,1.0,133.40,Sell
647,2021-10-01T15:02:09.678Z,Update,1.0,133.40,Sell
648,2021-10-01T15:02:12.381Z,Update,1.0,133.40,Sell
649,2021-10-01T15:02:12.741Z,Update,1.0,133.40,Sell
650,2021-10-01T15:02:16.569Z,Update,1.0,133.40,Sell
651,2021-10-01T15:02:20.037Z,Update,1.0,133.40,Sell
652,2021-10-01T15:02:23.772Z,Update,1.0,133.40,Sell
653,2021-10-01T15:02:26.537Z,Update,1.0,133.40,Sell
654,2021-10-01T15:02:50Z,Insert,1.0,133.30,Sell
655,2021-10-01T15:02:53Z,Insert,1.0,133.30,Sell
656,2021-10-01T15:03:03Z,Insert,1.0,133.30,Sell
657,2021-10-01T15:03:04Z,Insert,1.0,133.30,Sell
658,2021-10-01T15:03:07Z,Insert,1.0,133.30,Sell
659,2021-10-01T15:03:08Z,Insert,1.0,133.30,Sell
660,2021-10-01T15:03:08Z,Insert,1.0,133.30,Sell
661,2021-10-01T15:03:08Z,Insert,1.0,133.30,Sell
662,2021-10-01T15:03:09Z,Insert,1.0,133.30,Sell
663,2021-10-01T15:03:11Z,Insert,1.0,133.30,Sell
664,2021-10-01T15:03:19Z,Insert,1.0,133.30,Sell
665,2021-10-01T15:03:19Z,Insert,1.0,133.30,Sell
666,2021-10-01T15:03:20Z,Insert,1.0,133.30,Sell
667,2021-10-01T15:03:20Z,Insert,1.0,133.30,Sell
668,2021-10-01T15:03:21Z,Insert,1.0,133.30,Sell
669,2021-10-01T15:03:21Z,Insert,1.0,133.30,Sell
670,2021-10-01T15:03:21Z,Insert,1.0,133.30,Sell
671,2021-10-01T15:03:27Z,Insert,1.0,133.30,Sell
672,2021-10-01T15:03:45.372Z,Update,1.0,133.25,Sell
673,2021-10-01T15:03:45Z,Insert,1.0,133.30,Sell
674,2021-10-01T15:03:48Z,Insert,1.0,133.30,Sell
675,2021-10-01T15:03:53Z,Insert,1.0,133.30,Sell
676,2021-10-01T15:03:54Z,Insert,1.0,133.30,Sell
677,2021-10-01T15:03:55Z,Insert,1.0,133.30,Sell
678,2021-10-01T15:03:56Z,Insert,1.0,133.30,Sell
679,2021-10-01T15:03:57Z,Insert,1.0,133.30,Sell
680,2021-10-01T15:04:02Z,Insert,1.0,133.25,Sell
681,2021-10-01T15:04:22Z,Insert,1.0,133.25,Sell
682,2021-10-01T15:04:23Z,Insert,1.0,133.25,Sell
683,2021-10-01T15:04:24Z,Insert,1.0,133.25,Sell
684,2021-10-01T15:04:25Z,Insert,1.0,133.25,Sell
685,2021-10-01T15:04:26Z,Insert,1.0,133.25,Sell
686,2021-10-01T15:04:26Z,Insert,1.0,133.25,Sell
687,2021-10-01T15:04:26Z,Insert,1.0,133.25,Sell
688,2021-10-01T15:04:30Z,Insert,1.0,133.25,Sell
689,2021-10-01T15:04:30Z,Insert,1.0,133.25,Sell
690,2021-10-01T15:04:33Z,Insert,1.0,133.25,Sell
691,2021-10-01T15:04:34Z,Insert,1.0,133.25,Sell
692,2021-10-01T15:04:34Z,Insert,1.0,133.25,Sell
693,2021-10-01T15:04:36Z,Insert,1.0,133.25,Sell
694,2021-10-01T15:04:37Z,Insert,1.0,133.25,Sell
695,2021-10-01T15:04:48Z,Insert,1.0,133.25,Sell
696,2021-10-01T15:04:49Z,Insert,1.0,133.25,Sell
697,2021-10-01T15:04:49Z,Insert,1.0,133.25,Sell
698,2021-10-01T15:04:54Z,Insert,1.0,133.25,Sell
699,2021-10-01T15:04:54Z,Insert,1.0,133.25,Sell
700,2021-10-01T15:04:55Z,Insert,1.0,133.25,Sell
701,2021-10-01T15:04:55Z,Insert,1.0,133.25,Sell
702,2021-10-01T15:04:59Z,Insert,1.0,133.25,Sell
703,2021-10-01T15:05:01Z,Insert,1.0,133.25,Sell
704,2021-10-01T15:05:01Z,Insert,1.0,133.25,Sell
705,2021-10-01T15:06:34.485Z,Update,1.0,133.20,Sell
706,2021-10-01T15:06:46.308Z,Update,1.0,133.20,Sell
707,2021-10-01T15:06:46.84Z,Update,1.0,133.20,Sell
708,2021-10-01T15:06:47.341Z,Update,1.0,133.20,Sell
709,2021-10-01T15:06:47.842Z,Update,1.0,133.20,Sell
710,2021-10-01T15:06:48.357Z,Update,1.0,133.20,Sell
711,2021-10-01T15:11:49Z,Insert,1.0,133.25,Sell
712,2021-10-01T15:14:52.171Z,Update,1.0,133.25,Sell
713,2021-10-01T15:15:45.386Z,Update,1.0,133.25,Sell
714,2021-10-01T15:27:46.356Z,Update,1.0,133.00,Sell
715,2021-10-01T15:27:46.403Z,Update,1.0,133.00,Sell
716,2021-10-01T15:38:03Z,Insert,1.0,133.25,Sell
717,2021-10-01T15:38:36.121Z,Update,2.0,133.40,Buy
718,2021-10-01T15:41:16Z,Insert,1.0,133.25,Sell
719,2021-10-01T15:41:48Z,Insert,2.0,133.25,Sell
720,2021-10-01T15:42:52Z,Insert,1.0,133.25,Sell
721,2021-10-01T15:42:57Z,Insert,1.0,133.25,Sell
722,2021-10-01T15:43:00Z,Insert,1.0,133.25,Sell
723,2021-10-01T15:45:55Z,Insert,1.0,133.25,Sell
724,2021-10-01T15:46:23Z,Insert,1.0,133.10,Sell
725,2021-10-01T15:46:29Z,Insert,1.0,133.10,Sell
726,2021-10-01T15:48:14Z,Insert,1.0,133.10,Sell
727,2021-10-01T15:48:14Z,Insert,1.0,133.10,Sell
728,2021-10-01T15:48:28Z,Insert,1.0,133.10,Sell
729,2021-10-01T15:48:31Z,Insert,1.0,133.10,Sell
730,2021-10-01T15:48:46Z,Update,1.0,133.10,Sell
731,2021-10-01T15:48:46Z,Insert,1.0,133.10,Sell
732,2021-10-01T15:48:47Z,Insert,1.0,133.10,Sell
733,2021-10-01T15:48:49Z,Insert,1.0,133.10,Sell
734,2021-10-01T15:48:49Z,Insert,1.0,133.10,Sell
735,2021-10-01T15:55:54.927Z,Update,1.0,133.25,Sell
736,2021-10-01T15:56:08Z,Insert,1.0,133.25,Sell
737,2021-10-01T15:58:06Z,Insert,1.0,133.10,Sell
738,2021-10-01T15:59:43Z,Insert,1.0,133.40,Sell
739,2021-10-01T15:59:50.298Z,Update,1.0,133.40,Sell
740,2021-10-01T15:59:53.261Z,Update,1.0,133.40,Sell
741,2021-10-01T15:59:53Z,Insert,1.0,133.15,Sell
742,2021-10-01T15:59:53Z,Insert,1.0,133.10,Sell
