,DateTime,Action,Volume,Price,AggressorAction
0,2021-10-04T06:11:35.409Z,Update,1.0,134.70,Buy
1,2021-10-04T06:11:41Z,Insert,2.0,134.90,Sell
2,2021-10-04T06:12:05.945Z,Update,1.0,135.25,Buy
3,2021-10-04T06:12:42.965Z,Update,1.0,135.50,Buy
4,2021-10-04T06:56:09.753Z,Update,1.0,135.75,Buy
5,2021-10-04T06:56:26Z,Insert,1.0,135.75,Sell
6,2021-10-04T06:56:31Z,Insert,1.0,135.74,Sell
7,2021-10-04T06:56:33.933Z,Update,1.0,135.75,Buy
8,2021-10-04T06:56:34Z,Insert,2.0,135.75,Sell
9,2021-10-04T06:56:37.232Z,Update,1.0,135.75,Buy
10,2021-10-04T06:58:11Z,Insert,1.0,135.75,Sell
11,2021-10-04T06:58:54.855Z,Update,1.0,135.35,Sell
12,2021-10-04T06:58:54Z,Insert,2.0,135.35,Sell
13,2021-10-04T06:58:54Z,Insert,2.0,135.35,Sell
14,2021-10-04T06:58:56.074Z,Update,1.0,135.35,Buy
15,2021-10-04T06:58:58.699Z,Update,1.0,135.35,Buy
16,2021-10-04T06:59:04Z,Insert,1.0,135.25,Sell
17,2021-10-04T06:59:12Z,Insert,1.0,135.00,Sell
18,2021-10-04T06:59:14Z,Insert,2.0,135.00,Sell
19,2021-10-04T06:59:16Z,Insert,1.0,135.12,Sell
20,2021-10-04T06:59:17.981Z,Update,5.0,135.25,Sell
21,2021-10-04T06:59:19Z,Insert,1.0,135.00,Sell
22,2021-10-04T06:59:19Z,Insert,1.0,135.00,Sell
23,2021-10-04T06:59:19Z,Insert,1.0,135.00,Sell
24,2021-10-04T06:59:28Z,Insert,1.0,135.00,Sell
25,2021-10-04T06:59:31Z,Insert,1.0,135.00,Sell
26,2021-10-04T06:59:34.987Z,Update,5.0,135.00,Buy
27,2021-10-04T06:59:34.987Z,Insert,5.0,135.00,Buy
28,2021-10-04T07:00:15.709Z,Update,1.0,134.75,Sell
29,2021-10-04T07:00:18Z,Insert,2.0,134.70,Sell
30,2021-10-04T07:00:27.023Z,Update,2.0,134.65,Buy
31,2021-10-04T07:03:12.276Z,Update,1.0,134.85,Buy
32,2021-10-04T07:04:32.331Z,Update,1.0,135.25,Buy
33,2021-10-04T07:04:45Z,Insert,1.0,135.50,Sell
34,2021-10-04T07:06:12.498Z,Update,1.0,135.50,Buy
35,2021-10-04T07:06:17Z,Insert,2.0,135.75,Sell
36,2021-10-04T07:08:57Z,Insert,1.0,135.75,Sell
37,2021-10-04T07:09:14Z,Insert,1.0,135.75,Sell
38,2021-10-04T07:10:38.483Z,Update,1.0,135.70,Buy
39,2021-10-04T07:10:51.511Z,Update,5.0,135.60,Buy
40,2021-10-04T07:11:32.409Z,Update,1.0,135.50,Buy
41,2021-10-04T07:11:34.394Z,Update,1.0,135.50,Buy
42,2021-10-04T07:11:37.838Z,Update,1.0,135.50,Buy
43,2021-10-04T07:11:40.799Z,Update,1.0,135.50,Buy
44,2021-10-04T07:11:43.489Z,Update,1.0,135.50,Buy
45,2021-10-04T07:13:27Z,Insert,1.0,135.45,Sell
46,2021-10-04T07:14:06Z,Insert,5.0,135.45,Sell
47,2021-10-04T07:14:08Z,Insert,5.0,135.45,Sell
48,2021-10-04T07:18:09Z,Insert,1.0,135.25,Sell
49,2021-10-04T07:18:24.973Z,Update,3.0,135.25,Sell
50,2021-10-04T07:18:26.489Z,Update,1.0,135.25,Buy
51,2021-10-04T07:18:48.209Z,Update,1.0,135.25,Buy
52,2021-10-04T07:19:40Z,Insert,2.0,135.25,Sell
53,2021-10-04T07:20:51.779Z,Update,1.0,135.25,Sell
54,2021-10-04T07:20:56.889Z,Update,1.0,135.25,Sell
55,2021-10-04T07:21:02Z,Insert,1.0,135.10,Sell
56,2021-10-04T07:22:23.546Z,Update,1.0,135.25,Buy
57,2021-10-04T07:22:26.841Z,Update,1.0,135.25,Buy
58,2021-10-04T07:22:29.206Z,Update,1.0,135.25,Buy
59,2021-10-04T07:23:25.111Z,Update,2.0,135.35,Buy
60,2021-10-04T07:27:16.002Z,Update,1.0,135.35,Sell
61,2021-10-04T07:31:49.081Z,Update,1.0,135.30,Buy
62,2021-10-04T07:31:50.414Z,Update,1.0,135.30,Buy
63,2021-10-04T07:31:51.883Z,Update,1.0,135.30,Buy
64,2021-10-04T07:32:06Z,Insert,1.0,135.34,Sell
65,2021-10-04T07:32:09.719Z,Update,1.0,135.35,Buy
66,2021-10-04T07:32:15Z,Insert,6.0,135.40,Sell
67,2021-10-04T07:32:18.662Z,Update,1.0,135.35,Buy
68,2021-10-04T07:32:19.183Z,Update,1.0,135.50,Buy
69,2021-10-04T07:32:23.144Z,Update,1.0,135.40,Sell
70,2021-10-04T07:32:26.359Z,Update,1.0,135.40,Buy
71,2021-10-04T07:32:29.136Z,Update,1.0,135.40,Buy
72,2021-10-04T07:32:29.198Z,Update,1.0,135.40,Buy
73,2021-10-04T07:32:30.238Z,Update,1.0,135.40,Buy
74,2021-10-04T07:32:37Z,Insert,1.0,135.50,Sell
75,2021-10-04T07:32:40.39Z,Update,1.0,135.40,Sell
76,2021-10-04T07:32:47Z,Insert,1.0,135.50,Sell
77,2021-10-04T07:32:49.107Z,Update,1.0,135.40,Sell
78,2021-10-04T07:32:51.962Z,Update,1.0,135.40,Sell
79,2021-10-04T07:32:53.12Z,Update,1.0,135.40,Sell
80,2021-10-04T07:32:53Z,Insert,1.0,135.50,Buy
81,2021-10-04T07:33:02Z,Insert,1.0,135.60,Sell
82,2021-10-04T07:33:12Z,Insert,1.0,135.65,Sell
83,2021-10-04T07:34:18.745Z,Update,1.0,135.75,Buy
84,2021-10-04T07:35:37.09Z,Update,1.0,135.75,Sell
85,2021-10-04T07:35:40.403Z,Update,1.0,135.75,Buy
86,2021-10-04T07:35:42.809Z,Update,1.0,135.75,Buy
87,2021-10-04T07:35:47.487Z,Update,1.0,135.75,Buy
88,2021-10-04T07:36:57Z,Insert,1.0,135.95,Sell
89,2021-10-04T07:37:17Z,Insert,7.0,136.00,Sell
90,2021-10-04T07:39:34Z,Insert,3.0,136.00,Sell
91,2021-10-04T07:40:30Z,Insert,1.0,135.90,Sell
92,2021-10-04T07:41:26.167Z,Update,1.0,136.00,Buy
93,2021-10-04T07:41:28.571Z,Update,4.0,136.00,Buy
94,2021-10-04T07:42:20.565Z,Update,4.0,136.00,Buy
95,2021-10-04T07:42:26.653Z,Update,1.0,136.00,Buy
96,2021-10-04T07:46:16.647Z,Update,1.0,136.200,Buy
97,2021-10-04T07:46:32.792Z,Update,1.0,136.25,Sell
98,2021-10-04T07:46:34.331Z,Update,1.0,136.25,Sell
99,2021-10-04T07:46:44Z,Insert,5.0,136.30,Sell
100,2021-10-04T07:46:50.252Z,Update,1.0,136.30,Buy
101,2021-10-04T07:47:20Z,Update,2.0,136.50,Buy
102,2021-10-04T07:47:38.306Z,Update,1.0,136.75,Sell
103,2021-10-04T07:47:39.542Z,Update,1.0,136.75,Sell
104,2021-10-04T07:47:45.264Z,Update,1.0,136.75,Buy
105,2021-10-04T07:47:46.672Z,Update,1.0,136.75,Sell
106,2021-10-04T07:48:32.98Z,Update,5.0,136.710,Sell
107,2021-10-04T07:48:32.98Z,Insert,5.0,136.70,Buy
108,2021-10-04T07:50:10Z,Insert,1.0,137.00,Sell
109,2021-10-04T07:50:22Z,Insert,1.0,137.00,Sell
110,2021-10-04T07:50:23.64Z,Update,1.0,137.00,Buy
111,2021-10-04T07:51:25Z,Insert,1.0,137.30,Sell
112,2021-10-04T07:51:54Z,Insert,1.0,137.50,Sell
113,2021-10-04T07:52:05Z,Insert,1.0,137.50,Sell
114,2021-10-04T07:52:17Z,Insert,1.0,137.50,Sell
115,2021-10-04T07:52:40Z,Insert,2.0,137.50,Sell
116,2021-10-04T07:53:16Z,Insert,1.0,137.06,Sell
117,2021-10-04T07:54:33Z,Insert,1.0,137.00,Sell
118,2021-10-04T07:56:36.245Z,Update,1.0,137.00,Buy
119,2021-10-04T07:56:36Z,Insert,1.0,137.00,Sell
120,2021-10-04T07:57:22Z,Insert,1.0,137.00,Sell
121,2021-10-04T08:00:26.193Z,Update,1.0,137.45,Sell
122,2021-10-04T08:00:29.946Z,Update,1.0,137.500,Buy
123,2021-10-04T08:01:38Z,Update,1.0,137.25,Buy
124,2021-10-04T08:09:31Z,Insert,1.0,137.75,Sell
125,2021-10-04T08:09:32.442Z,Update,1.0,137.75,Sell
126,2021-10-04T08:09:35.126Z,Update,1.0,137.75,Sell
127,2021-10-04T08:09:36.936Z,Update,1.0,137.75,Sell
128,2021-10-04T08:09:38.204Z,Update,1.0,137.75,Sell
129,2021-10-04T08:09:39.984Z,Update,1.0,137.75,Sell
130,2021-10-04T08:09:44.268Z,Update,1.0,138.00,Buy
131,2021-10-04T08:09:44Z,Insert,1.0,137.85,Sell
132,2021-10-04T08:09:46Z,Insert,1.0,138.00,Sell
133,2021-10-04T08:09:48.147Z,Update,5.0,138.110,Buy
134,2021-10-04T08:09:48.147Z,Insert,5.0,138.10,Sell
135,2021-10-04T08:10:39Z,Insert,1.0,137.25,Sell
136,2021-10-04T08:10:51Z,Insert,1.0,138.05,Sell
137,2021-10-04T08:10:54Z,Insert,1.0,138.25,Sell
138,2021-10-04T08:10:55Z,Insert,1.0,138.25,Sell
139,2021-10-04T08:10:57Z,Insert,1.0,138.25,Sell
140,2021-10-04T08:11:27.548Z,Update,1.0,138.50,Sell
141,2021-10-04T08:13:00Z,Update,1.0,138.69,Sell
142,2021-10-04T08:13:17Z,Insert,1.0,138.69,Sell
143,2021-10-04T08:13:41Z,Insert,1.0,138.03,Sell
144,2021-10-04T08:15:05Z,Insert,1.0,138.05,Sell
145,2021-10-04T08:16:34Z,Insert,1.0,138.50,Sell
146,2021-10-04T08:16:36Z,Insert,1.0,138.50,Sell
147,2021-10-04T08:16:41Z,Insert,1.0,138.70,Sell
148,2021-10-04T08:16:47Z,Insert,1.0,138.60,Sell
149,2021-10-04T08:17:39.281Z,Update,1.0,139.00,Buy
150,2021-10-04T08:18:25Z,Insert,1.0,139.00,Buy
151,2021-10-04T08:18:25Z,Insert,1.0,139.00,Buy
152,2021-10-04T08:18:32.343Z,Update,1.0,139.10,Sell
153,2021-10-04T08:18:42Z,Insert,1.0,139.20,Sell
154,2021-10-04T08:18:45Z,Insert,1.0,139.20,Sell
155,2021-10-04T08:18:45Z,Insert,4.0,139.25,Sell
156,2021-10-04T08:18:53.905Z,Update,1.0,139.15,Sell
157,2021-10-04T08:19:03Z,Insert,1.0,139.25,Sell
158,2021-10-04T08:20:28.743Z,Insert,1.0,139.35,Buy
159,2021-10-04T08:20:28.743Z,Insert,1.0,139.35,Buy
160,2021-10-04T08:20:53.369Z,Update,1.0,139.35,Sell
161,2021-10-04T08:21:44Z,Insert,1.0,139.50,Sell
162,2021-10-04T08:21:49.057Z,Update,1.0,139.50,Buy
163,2021-10-04T08:21:50Z,Insert,1.0,139.50,Sell
164,2021-10-04T08:22:45.28Z,Insert,2.0,139.50,Sell
165,2021-10-04T08:22:48Z,Insert,2.0,139.50,Sell
166,2021-10-04T08:22:58.3Z,Insert,1.0,139.50,Sell
167,2021-10-04T08:22:58.3Z,Insert,1.0,139.50,Sell
168,2021-10-04T08:22:58.3Z,Insert,1.0,139.50,Sell
169,2021-10-04T08:22:58.3Z,Insert,1.0,139.50,Sell
170,2021-10-04T08:23:02.066Z,Insert,1.0,139.50,Sell
171,2021-10-04T08:23:33Z,Update,1.0,139.50,Sell
172,2021-10-04T08:23:41.812Z,Insert,2.0,139.50,Sell
173,2021-10-04T08:24:14.138Z,Update,4.0,139.50,Sell
174,2021-10-04T08:24:34.768Z,Update,1.0,139.50,Sell
175,2021-10-04T08:24:36.726Z,Update,1.0,139.50,Sell
176,2021-10-04T08:25:14Z,Update,3.0,139.40,Sell
177,2021-10-04T08:25:14Z,Update,3.0,139.40,Sell
178,2021-10-04T08:25:47.854Z,Insert,5.0,139.40,Sell
179,2021-10-04T08:25:48.856Z,Update,3.0,139.40,Sell
180,2021-10-04T08:26:09Z,Insert,1.0,139.00,Sell
181,2021-10-04T08:26:22Z,Insert,1.0,138.90,Sell
182,2021-10-04T08:26:28Z,Insert,1.0,138.89,Sell
183,2021-10-04T08:28:53.839Z,Update,1.0,139.50,Buy
184,2021-10-04T08:28:56Z,Insert,6.0,139.50,Sell
185,2021-10-04T08:29:03.62Z,Update,1.0,139.70,Buy
186,2021-10-04T08:29:39.565Z,Update,1.0,140.00,Sell
187,2021-10-04T08:29:40.191Z,Update,1.0,140.00,Buy
188,2021-10-04T08:29:40.221Z,Update,1.0,140.00,Sell
189,2021-10-04T08:29:43.065Z,Update,1.0,140.00,Sell
190,2021-10-04T08:29:43.792Z,Update,1.0,140.00,Sell
191,2021-10-04T08:30:55Z,Insert,1.0,140.50,Sell
192,2021-10-04T08:31:09Z,Insert,1.0,140.35,Sell
193,2021-10-04T08:31:21Z,Insert,1.0,140.05,Sell
194,2021-10-04T08:31:23.978Z,Update,1.0,140.25,Sell
195,2021-10-04T08:31:39Z,Insert,1.0,140.00,Sell
196,2021-10-04T08:31:40.244Z,Update,1.0,140.20,Buy
197,2021-10-04T08:31:55Z,Insert,1.0,140.00,Sell
198,2021-10-04T08:32:07Z,Insert,2.0,140.00,Sell
199,2021-10-04T08:32:24.017Z,Update,1.0,140.05,Sell
200,2021-10-04T08:32:28Z,Insert,2.0,140.00,Sell
201,2021-10-04T08:32:28Z,Insert,2.0,140.00,Sell
202,2021-10-04T08:32:28Z,Insert,2.0,140.00,Sell
203,2021-10-04T08:32:29Z,Insert,1.0,140.00,Sell
204,2021-10-04T08:32:33Z,Insert,1.0,140.00,Sell
205,2021-10-04T08:32:39Z,Insert,1.0,140.00,Sell
206,2021-10-04T08:32:55Z,Insert,1.0,140.00,Sell
207,2021-10-04T08:33:39.718Z,Insert,1.0,140.00,Buy
208,2021-10-04T08:33:39.718Z,Insert,1.0,140.00,Buy
209,2021-10-04T08:34:16Z,Insert,1.0,140.25,Sell
210,2021-10-04T08:34:17.54Z,Update,1.0,140.00,Buy
211,2021-10-04T08:34:49Z,Insert,1.0,140.00,Sell
212,2021-10-04T08:34:50Z,Insert,1.0,140.00,Sell
213,2021-10-04T08:35:08.243Z,Update,1.0,139.75,Sell
214,2021-10-04T08:35:11.321Z,Update,1.0,139.75,Buy
215,2021-10-04T08:35:11.712Z,Update,1.0,139.75,Buy
216,2021-10-04T08:37:50Z,Insert,1.0,140.00,Sell
217,2021-10-04T08:38:06Z,Insert,1.0,140.00,Sell
218,2021-10-04T08:40:04.903Z,Insert,1.0,139.70,Buy
219,2021-10-04T08:41:00Z,Update,1.0,139.70,Sell
220,2021-10-04T08:41:22.981Z,Update,2.0,139.75,Sell
221,2021-10-04T08:41:36.833Z,Update,1.0,139.75,Sell
222,2021-10-04T08:42:10.471Z,Update,2.0,139.75,Sell
223,2021-10-04T08:42:12Z,Insert,1.0,140.00,Sell
224,2021-10-04T08:42:13.665Z,Update,1.0,139.75,Sell
225,2021-10-04T08:44:04.359Z,Update,1.0,140.00,Buy
226,2021-10-04T08:48:31Z,Insert,1.0,139.90,Sell
227,2021-10-04T08:51:21.237Z,Update,1.0,139.90,Sell
228,2021-10-04T08:51:21Z,Update,1.0,139.90,Sell
229,2021-10-04T08:52:43Z,Insert,1.0,139.75,Sell
230,2021-10-04T08:52:53Z,Insert,1.0,139.75,Sell
231,2021-10-04T08:54:00Z,Insert,1.0,139.80,Sell
232,2021-10-04T08:54:04Z,Insert,1.0,139.80,Sell
233,2021-10-04T08:54:04Z,Insert,2.0,139.90,Sell
234,2021-10-04T08:54:06Z,Insert,1.0,139.80,Sell
235,2021-10-04T08:55:55Z,Insert,1.0,139.90,Sell
236,2021-10-04T08:56:06.383Z,Update,5.0,139.95,Buy
237,2021-10-04T08:56:13Z,Insert,1.0,139.95,Sell
238,2021-10-04T08:56:18.29Z,Update,1.0,140.00,Buy
239,2021-10-04T08:56:18.587Z,Update,1.0,140.00,Buy
240,2021-10-04T08:56:18Z,Insert,2.0,140.00,Buy
241,2021-10-04T08:56:19.128Z,Update,1.0,140.00,Buy
242,2021-10-04T08:56:19.517Z,Update,1.0,140.00,Buy
243,2021-10-04T08:56:22.732Z,Update,1.0,140.00,Buy
244,2021-10-04T08:59:58Z,Insert,1.0,140.00,Sell
245,2021-10-04T09:00:53.149Z,Insert,2.0,139.90,Sell
246,2021-10-04T09:00:53.149Z,Insert,2.0,139.90,Sell
247,2021-10-04T09:02:12.772Z,Update,1.0,140.00,Buy
248,2021-10-04T09:03:29Z,Update,2.0,139.95,Buy
249,2021-10-04T09:04:51.723Z,Update,1.0,140.10,Buy
250,2021-10-04T09:05:37.229Z,Update,5.0,140.20,Sell
251,2021-10-04T09:05:41Z,Insert,5.0,140.25,Sell
252,2021-10-04T09:05:41Z,Insert,1.0,140.25,Sell
253,2021-10-04T09:07:39Z,Insert,1.0,140.30,Sell
254,2021-10-04T09:08:24.747Z,Update,1.0,140.35,Buy
255,2021-10-04T09:08:27.419Z,Update,1.0,140.35,Buy
256,2021-10-04T09:08:27.779Z,Update,1.0,140.35,Sell
257,2021-10-04T09:08:55Z,Insert,1.0,140.24,Sell
258,2021-10-04T09:09:10.004Z,Update,1.0,140.50,Sell
259,2021-10-04T09:09:10Z,Insert,1.0,140.50,Buy
260,2021-10-04T09:09:32Z,Insert,1.0,140.60,Sell
261,2021-10-04T09:09:37.996Z,Update,1.0,140.60,Buy
262,2021-10-04T09:18:11.174Z,Update,1.0,141.25,Sell
263,2021-10-04T09:18:14Z,Insert,1.0,141.24,Sell
264,2021-10-04T09:23:59.835Z,Update,1.0,142.00,Buy
265,2021-10-04T09:25:38Z,Insert,1.0,142.25,Sell
266,2021-10-04T09:27:58Z,Insert,5.0,142.50,Sell
267,2021-10-04T09:29:53.954Z,Update,2.0,143.00,Sell
268,2021-10-04T09:29:53Z,Insert,1.0,143.00,Sell
269,2021-10-04T09:29:57Z,Insert,1.0,142.75,Sell
270,2021-10-04T09:30:11Z,Insert,1.0,142.95,Sell
271,2021-10-04T09:30:13Z,Insert,5.0,142.75,Sell
272,2021-10-04T09:31:38Z,Insert,1.0,143.00,Sell
273,2021-10-04T09:36:39Z,Insert,1.0,143.50,Sell
274,2021-10-04T09:36:39Z,Insert,1.0,143.50,Sell
275,2021-10-04T09:36:39Z,Insert,1.0,143.50,Sell
276,2021-10-04T09:36:39Z,Insert,1.0,143.50,Sell
277,2021-10-04T09:36:40Z,Insert,1.0,143.50,Sell
278,2021-10-04T09:36:42Z,Insert,1.0,143.50,Sell
279,2021-10-04T09:36:44Z,Insert,1.0,143.50,Sell
280,2021-10-04T09:36:45Z,Insert,1.0,143.50,Sell
281,2021-10-04T09:37:47.924Z,Update,1.0,144.00,Sell
282,2021-10-04T09:37:47.956Z,Update,2.0,144.00,Buy
283,2021-10-04T09:37:47Z,Insert,2.0,144.00,Buy
284,2021-10-04T09:37:48.056Z,Update,1.0,144.00,Buy
285,2021-10-04T09:37:48.181Z,Update,1.0,144.00,Buy
286,2021-10-04T09:37:48.29Z,Update,1.0,144.00,Buy
287,2021-10-04T09:37:48.4Z,Update,1.0,144.00,Buy
288,2021-10-04T09:37:48.525Z,Update,1.0,144.00,Buy
289,2021-10-04T09:40:08.497Z,Insert,1.0,144.50,Sell
290,2021-10-04T09:40:08.497Z,Update,1.0,144.510,Sell
291,2021-10-04T09:40:37.26Z,Update,5.0,144.110,Sell
292,2021-10-04T09:40:37.26Z,Insert,5.0,144.10,Buy
293,2021-10-04T09:41:41Z,Insert,1.0,144.75,Sell
294,2021-10-04T09:42:07Z,Insert,1.0,144.75,Sell
295,2021-10-04T09:42:38.813Z,Update,3.0,144.75,Sell
296,2021-10-04T09:42:46Z,Insert,5.0,144.85,Sell
297,2021-10-04T09:42:58.922Z,Update,2.0,144.90,Sell
298,2021-10-04T09:43:22Z,Insert,2.0,145.00,Sell
299,2021-10-04T09:43:23.593Z,Update,2.0,145.00,Buy
300,2021-10-04T09:43:32.69Z,Update,1.0,145.50,Buy
301,2021-10-04T09:43:48.578Z,Update,5.0,145.50,Sell
302,2021-10-04T09:43:52Z,Insert,1.0,145.00,Sell
303,2021-10-04T09:44:02Z,Insert,1.0,145.49,Sell
304,2021-10-04T09:44:04.484Z,Update,1.0,145.50,Sell
305,2021-10-04T09:44:05Z,Insert,4.0,145.50,Sell
306,2021-10-04T09:44:13Z,Insert,1.0,144.83,Sell
307,2021-10-04T09:45:24Z,Insert,2.0,145.50,Sell
308,2021-10-04T09:45:35Z,Insert,1.0,145.50,Sell
309,2021-10-04T09:45:38Z,Insert,1.0,145.50,Sell
310,2021-10-04T09:45:38Z,Insert,2.0,145.50,Sell
311,2021-10-04T09:45:40.283Z,Update,5.0,145.51,Buy
312,2021-10-04T09:47:26.66Z,Update,1.0,146.10,Sell
313,2021-10-04T09:47:45.42Z,Update,2.0,146.00,Buy
314,2021-10-04T09:48:27Z,Insert,6.0,146.00,Sell
315,2021-10-04T09:48:30Z,Insert,1.0,146.00,Sell
316,2021-10-04T09:48:34Z,Insert,1.0,146.00,Sell
317,2021-10-04T09:49:08.611Z,Update,1.0,146.25,Buy
318,2021-10-04T09:49:11.297Z,Update,1.0,146.25,Buy
319,2021-10-04T09:49:13.699Z,Update,1.0,146.25,Buy
320,2021-10-04T09:49:36.41Z,Update,2.0,146.50,Sell
321,2021-10-04T09:50:50.878Z,Update,5.0,146.50,Sell
322,2021-10-04T09:51:18.255Z,Update,1.0,146.25,Sell
323,2021-10-04T09:51:36Z,Insert,1.0,146.20,Sell
324,2021-10-04T09:52:10Z,Update,5.0,146.50,Sell
325,2021-10-04T09:53:49.83Z,Update,1.0,145.65,Buy
326,2021-10-04T09:53:57.398Z,Update,1.0,145.70,Sell
327,2021-10-04T09:54:05Z,Insert,1.0,146.00,Sell
328,2021-10-04T09:54:06Z,Insert,1.0,146.00,Sell
329,2021-10-04T09:54:55Z,Insert,1.0,145.50,Sell
330,2021-10-04T09:55:14Z,Insert,1.0,145.00,Sell
331,2021-10-04T09:55:14Z,Insert,1.0,144.75,Sell
332,2021-10-04T09:55:17.555Z,Update,1.0,144.80,Sell
333,2021-10-04T09:55:23Z,Insert,2.0,144.80,Sell
334,2021-10-04T09:55:26Z,Insert,1.0,144.80,Sell
335,2021-10-04T09:56:07.361Z,Update,2.0,145.00,Sell
336,2021-10-04T09:56:43Z,Insert,2.0,144.80,Sell
337,2021-10-04T09:56:44.501Z,Update,1.0,144.75,Sell
338,2021-10-04T09:57:02.89Z,Update,1.0,144.25,Sell
339,2021-10-04T09:57:04Z,Insert,1.0,144.00,Sell
340,2021-10-04T09:57:05Z,Insert,1.0,144.00,Sell
341,2021-10-04T09:57:05Z,Insert,1.0,144.00,Sell
342,2021-10-04T09:57:05Z,Insert,1.0,144.00,Sell
343,2021-10-04T09:57:10Z,Insert,1.0,144.50,Sell
344,2021-10-04T09:57:14.266Z,Update,1.0,144.50,Sell
345,2021-10-04T09:57:42.891Z,Update,1.0,144.50,Sell
346,2021-10-04T09:58:44Z,Update,5.0,144.00,Sell
347,2021-10-04T09:59:20Z,Insert,2.0,144.00,Sell
348,2021-10-04T10:00:23.765Z,Update,1.0,143.50,Sell
349,2021-10-04T10:00:31.468Z,Update,1.0,143.50,Sell
350,2021-10-04T10:00:38Z,Insert,2.0,143.50,Sell
351,2021-10-04T10:00:39Z,Insert,1.0,143.50,Sell
352,2021-10-04T10:00:46Z,Insert,1.0,143.50,Sell
353,2021-10-04T10:00:57Z,Insert,2.0,143.50,Sell
354,2021-10-04T10:03:59Z,Insert,5.0,143.60,Sell
355,2021-10-04T10:05:36Z,Insert,1.0,144.00,Sell
356,2021-10-04T10:06:00Z,Insert,1.0,144.00,Sell
357,2021-10-04T10:06:06.25Z,Update,1.0,144.00,Sell
358,2021-10-04T10:06:17Z,Insert,1.0,144.00,Sell
359,2021-10-04T10:06:32Z,Insert,1.0,144.00,Sell
360,2021-10-04T10:09:10.046Z,Update,1.0,143.75,Sell
361,2021-10-04T10:09:54.824Z,Update,1.0,143.75,Sell
362,2021-10-04T10:10:14Z,Update,1.0,144.00,Sell
363,2021-10-04T10:10:17Z,Insert,1.0,144.00,Sell
364,2021-10-04T10:10:29Z,Insert,1.0,144.00,Sell
365,2021-10-04T10:12:27Z,Insert,2.0,143.45,Sell
366,2021-10-04T10:12:30.978Z,Update,2.0,143.50,Sell
367,2021-10-04T10:12:33.576Z,Update,2.0,143.50,Sell
368,2021-10-04T10:13:17Z,Insert,1.0,143.75,Sell
369,2021-10-04T10:15:00.682Z,Update,1.0,143.25,Sell
370,2021-10-04T10:16:45Z,Insert,1.0,143.50,Sell
371,2021-10-04T10:18:44.353Z,Update,2.0,143.25,Buy
372,2021-10-04T10:19:29Z,Update,5.0,143.50,Sell
373,2021-10-04T10:19:41.109Z,Update,1.0,143.50,Buy
374,2021-10-04T10:19:43.875Z,Update,4.0,143.50,Buy
375,2021-10-04T10:20:18.507Z,Insert,1.0,143.50,Sell
376,2021-10-04T10:20:18.507Z,Insert,1.0,143.50,Sell
377,2021-10-04T10:20:21.376Z,Update,1.0,143.50,Buy
378,2021-10-04T10:20:24.238Z,Update,1.0,143.50,Buy
379,2021-10-04T10:20:27.301Z,Update,1.0,143.50,Buy
380,2021-10-04T10:20:29.045Z,Update,1.0,143.50,Buy
381,2021-10-04T10:20:31.639Z,Update,1.0,143.50,Buy
382,2021-10-04T10:20:35.328Z,Update,1.0,143.50,Buy
383,2021-10-04T10:20:40.501Z,Update,1.0,143.50,Buy
384,2021-10-04T10:20:42.859Z,Update,1.0,143.50,Buy
385,2021-10-04T10:20:46.192Z,Update,1.0,143.50,Buy
386,2021-10-04T10:22:15Z,Insert,1.0,143.50,Sell
387,2021-10-04T10:24:36.908Z,Update,1.0,143.50,Sell
388,2021-10-04T10:26:07Z,Insert,2.0,143.50,Sell
389,2021-10-04T10:26:50Z,Insert,2.0,143.50,Sell
390,2021-10-04T10:29:33Z,Insert,1.0,143.30,Sell
391,2021-10-04T10:29:37.296Z,Update,1.0,143.25,Sell
392,2021-10-04T10:29:41.04Z,Update,1.0,143.25,Sell
393,2021-10-04T10:33:36Z,Insert,1.0,143.20,Sell
394,2021-10-04T10:35:12Z,Insert,1.0,143.00,Sell
395,2021-10-04T10:36:07Z,Insert,1.0,142.90,Sell
396,2021-10-04T10:36:10.091Z,Update,1.0,142.95,Sell
397,2021-10-04T10:36:29Z,Insert,1.0,142.90,Sell
398,2021-10-04T10:36:32Z,Insert,1.0,143.00,Sell
399,2021-10-04T10:39:41Z,Insert,3.0,142.90,Sell
400,2021-10-04T10:39:50Z,Update,1.0,142.85,Sell
401,2021-10-04T10:40:33Z,Insert,1.0,142.85,Sell
402,2021-10-04T10:40:33Z,Insert,1.0,142.85,Sell
403,2021-10-04T10:40:37Z,Insert,1.0,142.85,Sell
404,2021-10-04T10:40:39Z,Insert,1.0,142.85,Sell
405,2021-10-04T10:45:43Z,Insert,2.0,142.58,Sell
406,2021-10-04T10:45:57Z,Insert,1.0,142.50,Sell
407,2021-10-04T10:45:59Z,Insert,1.0,142.50,Sell
408,2021-10-04T10:46:19Z,Insert,1.0,142.50,Sell
409,2021-10-04T10:46:23Z,Insert,2.0,142.50,Sell
410,2021-10-04T10:46:28Z,Insert,1.0,142.50,Sell
411,2021-10-04T10:46:29Z,Insert,1.0,142.00,Sell
412,2021-10-04T10:47:41.833Z,Update,1.0,142.00,Sell
413,2021-10-04T10:47:45Z,Insert,1.0,142.00,Sell
414,2021-10-04T10:50:21Z,Insert,1.0,142.20,Sell
415,2021-10-04T10:51:01Z,Insert,1.0,142.10,Sell
416,2021-10-04T10:52:45.036Z,Update,2.0,142.20,Sell
417,2021-10-04T10:52:45Z,Insert,1.0,142.10,Sell
418,2021-10-04T10:52:45Z,Insert,1.0,142.10,Sell
419,2021-10-04T10:52:56Z,Insert,1.0,142.10,Sell
420,2021-10-04T10:53:00Z,Update,2.0,142.20,Sell
421,2021-10-04T10:53:11Z,Insert,1.0,142.10,Sell
422,2021-10-04T10:53:29Z,Insert,4.0,142.00,Sell
423,2021-10-04T10:53:30.702Z,Update,1.0,142.00,Sell
424,2021-10-04T10:53:51Z,Insert,1.0,142.00,Sell
425,2021-10-04T10:54:00Z,Update,1.0,142.10,Sell
426,2021-10-04T10:54:02.652Z,Update,1.0,142.10,Sell
427,2021-10-04T10:54:40Z,Insert,1.0,142.00,Sell
428,2021-10-04T10:54:54.942Z,Update,1.0,142.00,Sell
429,2021-10-04T10:55:12.611Z,Update,1.0,142.00,Sell
430,2021-10-04T10:55:12Z,Insert,1.0,141.86,Sell
431,2021-10-04T10:55:15.075Z,Update,1.0,142.00,Sell
432,2021-10-04T10:55:15Z,Insert,1.0,141.60,Sell
433,2021-10-04T10:55:22Z,Insert,1.0,141.55,Sell
434,2021-10-04T10:56:14Z,Insert,1.0,141.70,Sell
435,2021-10-04T10:56:16.066Z,Update,1.0,141.70,Sell
436,2021-10-04T10:56:20Z,Insert,1.0,141.60,Sell
437,2021-10-04T10:57:51.12Z,Update,1.0,141.80,Sell
438,2021-10-04T10:57:52.011Z,Update,2.0,141.80,Sell
439,2021-10-04T10:58:00Z,Update,4.0,141.80,Sell
440,2021-10-04T10:59:03.46Z,Update,2.0,141.80,Sell
441,2021-10-04T10:59:06.198Z,Update,1.0,141.80,Sell
442,2021-10-04T11:01:44Z,Insert,1.0,142.05,Sell
443,2021-10-04T11:01:58.412Z,Update,1.0,142.05,Sell
444,2021-10-04T11:02:04Z,Insert,1.0,142.05,Sell
445,2021-10-04T11:02:31.969Z,Insert,1.0,142.00,Sell
446,2021-10-04T11:02:31.969Z,Insert,1.0,142.00,Sell
447,2021-10-04T11:02:50.272Z,Update,1.0,142.00,Sell
448,2021-10-04T11:04:53.632Z,Update,2.0,142.00,Sell
449,2021-10-04T11:05:00Z,Update,3.0,142.00,Sell
450,2021-10-04T11:05:09.608Z,Update,1.0,142.25,Buy
451,2021-10-04T11:05:14Z,Insert,1.0,142.35,Sell
452,2021-10-04T11:05:27.648Z,Update,2.0,142.35,Sell
453,2021-10-04T11:05:29Z,Insert,2.0,142.35,Sell
454,2021-10-04T11:09:44Z,Insert,1.0,142.50,Sell
455,2021-10-04T11:09:55Z,Insert,1.0,142.49,Sell
456,2021-10-04T11:10:07Z,Insert,1.0,142.35,Sell
457,2021-10-04T11:10:12Z,Insert,1.0,142.50,Sell
458,2021-10-04T11:11:24.372Z,Insert,1.0,142.50,Buy
459,2021-10-04T11:14:34.067Z,Update,1.0,142.60,Sell
460,2021-10-04T11:17:55Z,Insert,1.0,142.90,Sell
461,2021-10-04T11:17:57Z,Insert,5.0,143.00,Sell
462,2021-10-04T11:22:27Z,Insert,1.0,143.54,Sell
463,2021-10-04T11:25:36.437Z,Update,1.0,143.75,Buy
464,2021-10-04T11:27:51Z,Insert,1.0,143.75,Sell
465,2021-10-04T11:27:57Z,Insert,1.0,143.75,Sell
466,2021-10-04T11:28:03Z,Insert,1.0,143.75,Sell
467,2021-10-04T11:28:04Z,Insert,1.0,143.75,Sell
468,2021-10-04T11:31:00Z,Insert,2.0,143.60,Sell
469,2021-10-04T11:34:00Z,Insert,1.0,143.80,Sell
470,2021-10-04T11:35:48Z,Insert,1.0,143.70,Sell
471,2021-10-04T11:37:04.772Z,Update,1.0,143.70,Sell
472,2021-10-04T11:37:06.219Z,Update,1.0,143.70,Sell
473,2021-10-04T11:37:07.622Z,Update,1.0,143.70,Sell
474,2021-10-04T11:38:26.577Z,Update,2.0,143.50,Sell
475,2021-10-04T11:38:29.85Z,Update,2.0,143.50,Sell
476,2021-10-04T11:38:31Z,Insert,1.0,143.50,Sell
477,2021-10-04T11:38:31Z,Insert,1.0,143.50,Sell
478,2021-10-04T11:38:36.398Z,Update,2.0,143.50,Sell
479,2021-10-04T11:38:37Z,Insert,1.0,143.50,Sell
480,2021-10-04T11:38:40Z,Insert,1.0,143.50,Sell
481,2021-10-04T11:38:41Z,Insert,1.0,143.50,Sell
482,2021-10-04T11:38:42Z,Insert,1.0,143.50,Sell
483,2021-10-04T11:38:45Z,Insert,1.0,143.50,Sell
484,2021-10-04T11:38:57Z,Insert,1.0,143.50,Sell
485,2021-10-04T11:44:48Z,Insert,1.0,143.50,Sell
486,2021-10-04T11:44:56.806Z,Update,2.0,143.60,Sell
487,2021-10-04T11:49:01Z,Insert,1.0,143.60,Sell
488,2021-10-04T11:58:16Z,Insert,1.0,144.00,Sell
489,2021-10-04T11:59:21.971Z,Update,5.0,144.00,Buy
490,2021-10-04T12:00:42Z,Insert,1.0,144.00,Sell
491,2021-10-04T12:04:17Z,Insert,1.0,144.25,Sell
492,2021-10-04T12:04:30.534Z,Insert,1.0,144.25,Buy
493,2021-10-04T12:04:30.534Z,Insert,1.0,144.25,Buy
494,2021-10-04T12:04:31.476Z,Insert,1.0,144.25,Buy
495,2021-10-04T12:04:31.476Z,Insert,1.0,144.25,Buy
496,2021-10-04T12:04:33.044Z,Insert,3.0,144.25,Buy
497,2021-10-04T12:04:33.044Z,Insert,3.0,144.25,Buy
498,2021-10-04T12:05:16Z,Insert,2.0,144.20,Sell
499,2021-10-04T12:05:28.589Z,Update,1.0,144.25,Sell
500,2021-10-04T12:05:52.064Z,Update,1.0,144.25,Sell
501,2021-10-04T12:06:04Z,Insert,1.0,144.00,Sell
502,2021-10-04T12:08:10Z,Insert,1.0,144.15,Sell
503,2021-10-04T12:11:48.718Z,Update,1.0,144.25,Buy
504,2021-10-04T12:11:48.747Z,Update,1.0,144.25,Buy
505,2021-10-04T12:11:48.875Z,Update,1.0,144.25,Buy
506,2021-10-04T12:11:48.997Z,Update,1.0,144.25,Buy
507,2021-10-04T12:11:49.377Z,Update,1.0,144.25,Buy
508,2021-10-04T12:11:52.383Z,Update,1.0,144.25,Buy
509,2021-10-04T12:14:05Z,Insert,1.0,144.45,Sell
510,2021-10-04T12:14:07Z,Insert,7.0,144.50,Sell
511,2021-10-04T12:14:18.858Z,Update,1.0,144.50,Sell
512,2021-10-04T12:15:54Z,Insert,1.0,144.50,Sell
513,2021-10-04T12:16:11Z,Insert,1.0,144.50,Sell
514,2021-10-04T12:16:42.076Z,Update,2.0,144.50,Sell
515,2021-10-04T12:17:21Z,Insert,1.0,144.50,Sell
516,2021-10-04T12:17:50Z,Insert,2.0,144.50,Sell
517,2021-10-04T12:17:59Z,Insert,2.0,144.50,Sell
518,2021-10-04T12:20:08.182Z,Insert,1.0,144.25,Sell
519,2021-10-04T12:20:20.883Z,Insert,1.0,144.25,Sell
520,2021-10-04T12:20:25Z,Insert,1.0,144.15,Sell
521,2021-10-04T12:20:26.147Z,Insert,1.0,144.25,Sell
522,2021-10-04T12:20:49.764Z,Insert,2.0,144.25,Sell
523,2021-10-04T12:21:09.657Z,Update,1.0,144.25,Buy
524,2021-10-04T12:21:21Z,Insert,1.0,144.10,Sell
525,2021-10-04T12:23:24Z,Insert,1.0,144.00,Sell
526,2021-10-04T12:23:27.595Z,Update,2.0,144.00,Sell
527,2021-10-04T12:23:30Z,Insert,1.0,143.75,Sell
528,2021-10-04T12:24:49Z,Insert,1.0,143.55,Sell
529,2021-10-04T12:25:05Z,Insert,1.0,143.15,Sell
530,2021-10-04T12:25:09Z,Insert,1.0,143.00,Sell
531,2021-10-04T12:25:12Z,Insert,1.0,144.25,Sell
532,2021-10-04T12:25:12Z,Insert,1.0,144.25,Sell
533,2021-10-04T12:25:14.536Z,Update,1.0,143.15,Sell
534,2021-10-04T12:25:20Z,Insert,1.0,143.00,Sell
535,2021-10-04T12:26:00Z,Insert,1.0,143.25,Sell
536,2021-10-04T12:26:28Z,Insert,1.0,143.05,Sell
537,2021-10-04T12:26:29Z,Insert,1.0,143.00,Sell
538,2021-10-04T12:26:31Z,Insert,1.0,143.00,Sell
539,2021-10-04T12:26:31Z,Insert,1.0,143.00,Sell
540,2021-10-04T12:26:33Z,Insert,1.0,143.05,Sell
541,2021-10-04T12:26:34Z,Insert,1.0,143.00,Sell
542,2021-10-04T12:26:35Z,Update,1.0,144.25,Sell
543,2021-10-04T12:26:36Z,Insert,1.0,143.00,Sell
544,2021-10-04T12:26:38Z,Insert,1.0,143.00,Sell
545,2021-10-04T12:26:39Z,Insert,1.0,143.00,Sell
546,2021-10-04T12:27:56.666Z,Update,1.0,143.15,Sell
547,2021-10-04T12:31:01.587Z,Update,1.0,143.35,Sell
548,2021-10-04T12:31:04.472Z,Update,1.0,143.35,Buy
549,2021-10-04T12:31:10Z,Insert,1.0,143.35,Sell
550,2021-10-04T12:31:14.292Z,Update,1.0,143.35,Sell
551,2021-10-04T12:31:27.979Z,Update,1.0,143.35,Sell
552,2021-10-04T12:31:31.216Z,Update,1.0,143.35,Sell
553,2021-10-04T12:31:32Z,Insert,1.0,144.00,Sell
554,2021-10-04T12:32:28Z,Insert,1.0,143.35,Sell
555,2021-10-04T12:32:36Z,Insert,1.0,143.35,Sell
556,2021-10-04T12:32:36Z,Insert,1.0,143.35,Sell
557,2021-10-04T12:32:37.453Z,Update,2.0,143.35,Sell
558,2021-10-04T12:32:44Z,Insert,1.0,143.35,Sell
559,2021-10-04T12:33:00Z,Update,2.0,143.35,Sell
560,2021-10-04T12:33:22Z,Insert,1.0,143.50,Sell
561,2021-10-04T12:33:28Z,Insert,2.0,143.50,Sell
562,2021-10-04T12:33:28Z,Update,2.0,143.50,Sell
563,2021-10-04T12:34:17Z,Insert,1.0,143.50,Sell
564,2021-10-04T12:35:32Z,Insert,1.0,143.50,Sell
565,2021-10-04T12:35:36Z,Insert,1.0,143.50,Sell
566,2021-10-04T12:35:37Z,Insert,1.0,143.50,Sell
567,2021-10-04T12:35:40Z,Insert,1.0,143.50,Sell
568,2021-10-04T12:35:55.369Z,Update,1.0,143.50,Sell
569,2021-10-04T12:35:56Z,Insert,2.0,143.50,Sell
570,2021-10-04T12:36:00Z,Update,5.0,143.50,Sell
571,2021-10-04T12:36:04Z,Insert,1.0,143.50,Sell
572,2021-10-04T12:36:07Z,Insert,1.0,143.50,Sell
573,2021-10-04T12:36:28Z,Insert,1.0,143.50,Sell
574,2021-10-04T12:36:36Z,Insert,1.0,143.50,Sell
575,2021-10-04T12:38:00Z,Update,1.0,143.02,Sell
576,2021-10-04T12:38:25.881Z,Update,1.0,143.25,Sell
577,2021-10-04T12:38:28.756Z,Update,1.0,143.25,Sell
578,2021-10-04T12:38:29Z,Insert,1.0,143.02,Sell
579,2021-10-04T12:38:29Z,Insert,1.0,143.05,Sell
580,2021-10-04T12:39:42.854Z,Update,1.0,143.00,Sell
581,2021-10-04T12:39:45.737Z,Update,1.0,143.00,Sell
582,2021-10-04T12:39:46Z,Insert,1.0,142.60,Sell
583,2021-10-04T12:41:00Z,Update,1.0,142.80,Sell
584,2021-10-04T12:41:08.439Z,Update,1.0,142.80,Sell
585,2021-10-04T12:42:48Z,Insert,1.0,143.00,Sell
586,2021-10-04T12:44:13Z,Insert,1.0,143.50,Sell
587,2021-10-04T12:45:43Z,Insert,2.0,143.50,Sell
588,2021-10-04T12:45:50Z,Insert,1.0,143.50,Sell
589,2021-10-04T12:45:50Z,Insert,1.0,143.50,Sell
590,2021-10-04T12:55:51Z,Insert,5.0,144.00,Buy
591,2021-10-04T12:56:03Z,Insert,1.0,144.00,Sell
592,2021-10-04T12:58:29.718Z,Insert,5.0,144.25,Buy
593,2021-10-04T12:59:45.326Z,Update,1.0,144.25,Sell
594,2021-10-04T13:00:06Z,Insert,1.0,144.45,Sell
595,2021-10-04T13:00:10Z,Insert,2.0,144.50,Sell
596,2021-10-04T13:00:11Z,Insert,1.0,144.50,Sell
597,2021-10-04T13:00:13Z,Insert,1.0,144.50,Sell
598,2021-10-04T13:00:16Z,Insert,1.0,144.50,Sell
599,2021-10-04T13:00:16Z,Insert,1.0,144.50,Sell
600,2021-10-04T13:00:39.185Z,Update,1.0,144.65,Sell
601,2021-10-04T13:00:53Z,Insert,1.0,144.60,Sell
602,2021-10-04T13:00:53Z,Insert,1.0,144.60,Sell
603,2021-10-04T13:02:42Z,Insert,1.0,144.60,Sell
604,2021-10-04T13:03:21.737Z,Update,2.0,144.50,Sell
605,2021-10-04T13:03:27.067Z,Update,2.0,144.50,Sell
606,2021-10-04T13:03:28.151Z,Update,1.0,144.50,Sell
607,2021-10-04T13:03:49Z,Update,2.0,144.50,Sell
608,2021-10-04T13:04:37Z,Insert,2.0,144.50,Sell
609,2021-10-04T13:05:42Z,Insert,1.0,144.50,Sell
610,2021-10-04T13:08:51Z,Insert,1.0,144.00,Sell
611,2021-10-04T13:10:00Z,Update,30.0,143.85,Sell
612,2021-10-04T13:10:00Z,Insert,30.0,143.85,Sell
613,2021-10-04T13:10:25.354Z,Update,1.0,143.70,Sell
614,2021-10-04T13:11:12.932Z,Update,1.0,143.90,Sell
615,2021-10-04T13:12:02Z,Update,1.0,143.70,Sell
616,2021-10-04T13:12:02Z,Insert,1.0,143.70,Sell
617,2021-10-04T13:16:25.545Z,Update,1.0,143.50,Sell
618,2021-10-04T13:16:27.992Z,Update,1.0,143.50,Sell
619,2021-10-04T13:16:49Z,Insert,1.0,143.45,Sell
620,2021-10-04T13:21:06Z,Insert,1.0,143.50,Sell
621,2021-10-04T13:24:09.543Z,Update,2.0,143.60,Sell
622,2021-10-04T13:24:40Z,Insert,4.0,143.75,Sell
623,2021-10-04T13:25:00Z,Update,6.0,143.60,Sell
624,2021-10-04T13:25:01.036Z,Update,2.0,143.60,Sell
625,2021-10-04T13:25:16Z,Insert,1.0,143.60,Sell
626,2021-10-04T13:26:06.935Z,Update,2.0,143.60,Sell
627,2021-10-04T13:28:54Z,Insert,1.0,143.75,Sell
628,2021-10-04T13:29:30Z,Insert,2.0,143.90,Sell
629,2021-10-04T13:30:21Z,Insert,1.0,143.90,Sell
630,2021-10-04T13:36:51.195Z,Insert,1.0,144.00,Sell
631,2021-10-04T13:40:25Z,Insert,5.0,144.00,Sell
632,2021-10-04T13:40:25Z,Insert,5.0,144.00,Buy
633,2021-10-04T13:43:36.146Z,Update,1.0,144.00,Buy
634,2021-10-04T13:45:08Z,Insert,1.0,144.10,Sell
635,2021-10-04T13:45:52Z,Insert,1.0,144.10,Sell
636,2021-10-04T13:45:52Z,Insert,1.0,144.10,Sell
637,2021-10-04T13:45:54Z,Insert,1.0,144.10,Sell
638,2021-10-04T13:45:55Z,Insert,1.0,144.10,Sell
639,2021-10-04T13:45:57Z,Insert,1.0,144.10,Sell
640,2021-10-04T13:45:58Z,Insert,1.0,144.10,Sell
641,2021-10-04T13:46:46Z,Insert,1.0,144.25,Sell
642,2021-10-04T13:46:50Z,Insert,1.0,144.25,Sell
643,2021-10-04T13:46:53Z,Insert,1.0,144.25,Sell
644,2021-10-04T13:46:55Z,Insert,1.0,144.25,Sell
645,2021-10-04T13:46:56Z,Insert,1.0,144.25,Sell
646,2021-10-04T13:47:26.039Z,Update,2.0,144.25,Buy
647,2021-10-04T13:48:11.404Z,Insert,6.0,144.25,Sell
648,2021-10-04T13:48:11.404Z,Update,6.0,144.25,Sell
649,2021-10-04T13:48:59Z,Insert,1.0,144.15,Sell
650,2021-10-04T13:50:00Z,Insert,5.0,158.60,Sell
651,2021-10-04T13:50:00Z,Insert,5.0,158.60,Sell
652,2021-10-04T13:51:49.867Z,Update,1.0,144.30,Buy
653,2021-10-04T13:51:52.68Z,Update,2.0,144.30,Buy
654,2021-10-04T13:53:31Z,Insert,1.0,144.25,Sell
655,2021-10-04T13:53:31Z,Insert,1.0,144.25,Sell
656,2021-10-04T13:53:34Z,Insert,1.0,144.25,Sell
657,2021-10-04T13:53:46Z,Insert,1.0,144.25,Sell
658,2021-10-04T13:53:49.306Z,Update,1.0,144.25,Buy
659,2021-10-04T13:53:57.379Z,Update,2.0,144.30,Buy
660,2021-10-04T13:53:59Z,Insert,2.0,144.30,Sell
661,2021-10-04T13:55:00Z,Update,10.0,144.60,Sell
662,2021-10-04T13:55:00Z,Insert,5.0,144.60,Buy
663,2021-10-04T13:55:00Z,Insert,5.0,144.60,Buy
664,2021-10-04T13:55:00Z,Insert,5.0,144.60,Buy
665,2021-10-04T13:55:00Z,Insert,5.0,144.60,Buy
666,2021-10-04T13:55:36Z,Insert,1.0,144.50,Sell
667,2021-10-04T13:55:36Z,Insert,1.0,144.50,Sell
668,2021-10-04T13:55:44Z,Insert,2.0,144.50,Sell
669,2021-10-04T13:55:48Z,Insert,2.0,144.50,Sell
670,2021-10-04T13:55:53.822Z,Update,1.0,144.50,Buy
671,2021-10-04T13:56:58Z,Insert,1.0,144.50,Sell
672,2021-10-04T13:57:04Z,Insert,1.0,144.55,Sell
673,2021-10-04T13:57:19Z,Insert,1.0,144.60,Sell
674,2021-10-04T13:57:34.082Z,Update,1.0,144.60,Sell
675,2021-10-04T13:57:40Z,Insert,1.0,144.65,Sell
676,2021-10-04T13:58:03Z,Insert,1.0,144.60,Sell
677,2021-10-04T13:59:23Z,Insert,1.0,144.70,Sell
678,2021-10-04T13:59:42Z,Insert,1.0,144.75,Sell
679,2021-10-04T14:00:00Z,Insert,5.0,145.00,Sell
680,2021-10-04T14:00:00Z,Update,5.0,145.00,Sell
681,2021-10-04T14:00:00Z,Insert,5.0,145.00,Sell
682,2021-10-04T14:03:31Z,Insert,2.0,145.00,Sell
683,2021-10-04T14:03:33Z,Insert,3.0,145.00,Sell
684,2021-10-04T14:03:40Z,Insert,2.0,145.00,Sell
685,2021-10-04T14:04:10Z,Insert,3.0,145.00,Sell
686,2021-10-04T14:05:43Z,Insert,1.0,145.25,Sell
687,2021-10-04T14:05:46Z,Insert,1.0,145.25,Sell
688,2021-10-04T14:05:57.547Z,Insert,5.0,145.00,Sell
689,2021-10-04T14:05:57.547Z,Update,5.0,145.00,Buy
690,2021-10-04T14:06:33.034Z,Update,1.0,145.25,Buy
691,2021-10-04T14:08:45.245Z,Update,1.0,145.20,Sell
692,2021-10-04T14:10:02.645Z,Update,1.0,145.15,Sell
693,2021-10-04T14:10:47Z,Insert,5.0,145.00,Sell
694,2021-10-04T14:10:51Z,Insert,1.0,145.00,Sell
695,2021-10-04T14:11:09.973Z,Update,2.0,145.10,Buy
696,2021-10-04T14:11:42.353Z,Update,1.0,145.00,Sell
697,2021-10-04T14:13:04.917Z,Insert,2.0,145.00,Buy
698,2021-10-04T14:13:04.917Z,Insert,2.0,145.00,Buy
699,2021-10-04T14:13:15Z,Insert,1.0,145.15,Sell
700,2021-10-04T14:16:30.174Z,Update,1.0,145.45,Sell
701,2021-10-04T14:16:34.772Z,Update,1.0,145.50,Buy
702,2021-10-04T14:20:58Z,Insert,1.0,145.00,Sell
703,2021-10-04T14:21:05Z,Insert,1.0,144.90,Sell
704,2021-10-04T14:21:07Z,Insert,2.0,144.90,Sell
705,2021-10-04T14:21:12Z,Insert,1.0,144.75,Sell
706,2021-10-04T14:21:17Z,Insert,1.0,144.65,Sell
707,2021-10-04T14:21:20Z,Insert,1.0,144.65,Sell
708,2021-10-04T14:21:20Z,Insert,5.0,144.75,Sell
709,2021-10-04T14:21:25Z,Insert,1.0,144.60,Sell
710,2021-10-04T14:21:27Z,Insert,1.0,144.80,Sell
711,2021-10-04T14:21:31Z,Insert,1.0,144.75,Sell
712,2021-10-04T14:21:35Z,Insert,1.0,144.50,Sell
713,2021-10-04T14:21:37Z,Insert,1.0,144.30,Sell
714,2021-10-04T14:21:39.86Z,Update,1.0,144.00,Sell
715,2021-10-04T14:21:39Z,Insert,1.0,144.30,Sell
716,2021-10-04T14:22:02Z,Insert,1.0,144.30,Sell
717,2021-10-04T14:22:19Z,Insert,1.0,144.75,Sell
718,2021-10-04T14:22:55Z,Insert,1.0,144.75,Sell
719,2021-10-04T14:22:59.911Z,Update,1.0,144.75,Sell
720,2021-10-04T14:23:00Z,Insert,1.0,144.50,Sell
721,2021-10-04T14:23:07.998Z,Update,1.0,144.75,Sell
722,2021-10-04T14:23:09.023Z,Update,1.0,144.75,Sell
723,2021-10-04T14:23:09.391Z,Update,1.0,144.75,Sell
724,2021-10-04T14:23:09Z,Insert,1.0,144.75,Sell
725,2021-10-04T14:23:11Z,Insert,1.0,144.80,Sell
726,2021-10-04T14:23:12.4Z,Update,1.0,144.75,Sell
727,2021-10-04T14:23:12Z,Insert,1.0,144.70,Sell
728,2021-10-04T14:23:14.817Z,Update,1.0,144.75,Sell
729,2021-10-04T14:23:15Z,Insert,1.0,145.00,Sell
730,2021-10-04T14:23:16.734Z,Update,1.0,144.75,Sell
731,2021-10-04T14:23:17.367Z,Update,1.0,144.75,Sell
732,2021-10-04T14:23:23.051Z,Update,1.0,144.50,Sell
733,2021-10-04T14:23:25Z,Insert,1.0,144.50,Sell
734,2021-10-04T14:24:25.394Z,Update,1.0,144.55,Sell
735,2021-10-04T14:24:28Z,Insert,1.0,144.55,Sell
736,2021-10-04T14:24:35.578Z,Update,1.0,144.55,Sell
737,2021-10-04T14:24:39Z,Insert,1.0,144.10,Sell
738,2021-10-04T14:24:40Z,Insert,1.0,144.15,Sell
739,2021-10-04T14:24:43.14Z,Update,1.0,144.55,Sell
740,2021-10-04T14:24:43Z,Insert,1.0,144.15,Sell
741,2021-10-04T14:24:47Z,Insert,1.0,144.15,Sell
742,2021-10-04T14:24:47Z,Insert,1.0,144.15,Sell
743,2021-10-04T14:24:48Z,Insert,1.0,144.05,Sell
744,2021-10-04T14:24:51Z,Insert,1.0,144.05,Sell
745,2021-10-04T14:24:54Z,Insert,1.0,144.08,Sell
746,2021-10-04T14:24:55Z,Insert,1.0,144.01,Sell
747,2021-10-04T14:25:00Z,Insert,1.0,144.01,Sell
748,2021-10-04T14:25:01.859Z,Update,1.0,144.15,Sell
749,2021-10-04T14:25:01Z,Insert,1.0,144.02,Sell
750,2021-10-04T14:25:02Z,Insert,1.0,144.01,Sell
751,2021-10-04T14:25:05Z,Insert,1.0,144.01,Sell
752,2021-10-04T14:25:06Z,Insert,1.0,143.75,Sell
753,2021-10-04T14:25:09.515Z,Update,1.0,144.15,Sell
754,2021-10-04T14:25:09Z,Insert,1.0,144.01,Sell
755,2021-10-04T14:25:09Z,Insert,1.0,143.75,Sell
756,2021-10-04T14:25:11Z,Insert,2.0,144.15,Sell
757,2021-10-04T14:25:12.062Z,Update,1.0,144.15,Sell
758,2021-10-04T14:25:45Z,Insert,1.0,144.10,Sell
759,2021-10-04T14:25:49.342Z,Update,5.0,144.00,Sell
760,2021-10-04T14:25:49.342Z,Update,5.0,144.00,Buy
761,2021-10-04T14:25:52Z,Insert,5.0,144.00,Sell
762,2021-10-04T14:27:26Z,Insert,1.0,144.05,Buy
763,2021-10-04T14:27:26Z,Insert,1.0,144.05,Buy
764,2021-10-04T14:27:29Z,Insert,1.0,144.05,Buy
765,2021-10-04T14:27:29Z,Insert,1.0,144.05,Buy
766,2021-10-04T14:27:31.004Z,Update,2.0,144.00,Sell
767,2021-10-04T14:27:34.01Z,Update,5.0,144.00,Sell
768,2021-10-04T14:27:36.833Z,Update,2.0,144.00,Sell
769,2021-10-04T14:27:38.264Z,Update,3.0,144.00,Sell
770,2021-10-04T14:27:39.479Z,Update,2.0,144.00,Sell
771,2021-10-04T14:27:41.958Z,Update,1.0,144.00,Sell
772,2021-10-04T14:27:44.095Z,Update,2.0,144.00,Sell
773,2021-10-04T14:27:46.967Z,Update,2.0,144.00,Sell
774,2021-10-04T14:27:52Z,Insert,1.0,143.75,Sell
775,2021-10-04T14:28:06Z,Insert,1.0,143.70,Sell
776,2021-10-04T14:28:57.4Z,Update,4.0,143.75,Buy
777,2021-10-04T14:30:34.667Z,Update,5.0,144.000,Sell
778,2021-10-04T14:30:37Z,Insert,1.0,144.00,Sell
779,2021-10-04T14:31:22Z,Insert,1.0,144.00,Buy
780,2021-10-04T14:31:22Z,Insert,1.0,144.00,Buy
781,2021-10-04T14:31:27.095Z,Update,2.0,144.00,Buy
782,2021-10-04T14:39:44Z,Insert,3.0,144.00,Sell
783,2021-10-04T14:39:47.024Z,Update,3.0,144.00,Sell
784,2021-10-04T14:39:49Z,Insert,1.0,144.00,Sell
785,2021-10-04T14:39:50.333Z,Update,3.0,144.00,Sell
786,2021-10-04T14:40:02.244Z,Update,1.0,143.80,Sell
787,2021-10-04T14:40:26.806Z,Update,1.0,143.75,Sell
788,2021-10-04T14:40:29.625Z,Update,2.0,143.55,Sell
789,2021-10-04T14:40:40.231Z,Update,2.0,143.55,Sell
790,2021-10-04T14:40:53.27Z,Update,1.0,143.55,Sell
791,2021-10-04T14:40:54.478Z,Update,1.0,143.50,Sell
792,2021-10-04T14:41:05Z,Insert,1.0,143.50,Sell
793,2021-10-04T14:41:08Z,Insert,1.0,143.50,Sell
794,2021-10-04T14:41:10.634Z,Update,1.0,143.50,Sell
795,2021-10-04T14:41:15.603Z,Update,1.0,143.40,Sell
796,2021-10-04T14:41:17.165Z,Update,1.0,143.40,Sell
797,2021-10-04T14:41:38.558Z,Update,1.0,143.20,Sell
798,2021-10-04T14:42:31Z,Insert,1.0,143.00,Sell
799,2021-10-04T14:42:32.767Z,Update,1.0,143.00,Sell
800,2021-10-04T14:42:32.837Z,Update,1.0,143.00,Sell
801,2021-10-04T14:42:36Z,Insert,2.0,143.00,Sell
802,2021-10-04T14:42:37.659Z,Update,2.0,143.00,Sell
803,2021-10-04T14:42:42Z,Insert,1.0,142.69,Sell
804,2021-10-04T14:42:47Z,Insert,1.0,142.75,Sell
805,2021-10-04T14:43:00Z,Update,5.0,143.00,Sell
806,2021-10-04T14:43:01.278Z,Update,2.0,143.00,Sell
807,2021-10-04T14:43:19.568Z,Update,1.0,143.00,Sell
808,2021-10-04T14:43:23.189Z,Update,1.0,143.00,Sell
809,2021-10-04T14:43:23.432Z,Update,1.0,142.60,Sell
810,2021-10-04T14:43:29Z,Insert,1.0,142.60,Sell
811,2021-10-04T14:43:32.18Z,Update,1.0,142.60,Sell
812,2021-10-04T14:43:33Z,Insert,1.0,142.60,Sell
813,2021-10-04T14:43:38.836Z,Update,1.0,142.55,Sell
814,2021-10-04T14:43:40Z,Insert,1.0,142.55,Sell
815,2021-10-04T14:43:40Z,Insert,1.0,142.55,Sell
816,2021-10-04T14:43:40Z,Insert,1.0,142.60,Sell
817,2021-10-04T14:43:42Z,Insert,1.0,142.55,Sell
818,2021-10-04T14:43:42Z,Insert,1.0,142.55,Sell
819,2021-10-04T14:43:43Z,Insert,1.0,142.55,Sell
820,2021-10-04T14:43:46Z,Insert,1.0,142.55,Sell
821,2021-10-04T14:43:52Z,Insert,1.0,142.55,Sell
822,2021-10-04T14:43:53Z,Insert,1.0,142.55,Sell
823,2021-10-04T14:43:55Z,Insert,1.0,142.50,Sell
824,2021-10-04T14:43:57.288Z,Update,1.0,142.50,Sell
825,2021-10-04T14:44:00.733Z,Update,1.0,142.50,Sell
826,2021-10-04T14:44:00Z,Insert,1.0,142.00,Sell
827,2021-10-04T14:44:02Z,Insert,1.0,142.00,Sell
828,2021-10-04T14:45:22Z,Insert,2.0,142.50,Sell
829,2021-10-04T14:45:58Z,Insert,1.0,142.30,Sell
830,2021-10-04T14:46:02.258Z,Update,1.0,142.30,Sell
831,2021-10-04T14:46:05.075Z,Update,1.0,142.10,Sell
832,2021-10-04T14:46:23Z,Insert,1.0,141.80,Sell
833,2021-10-04T14:46:58.742Z,Update,1.0,141.60,Sell
834,2021-10-04T14:47:18Z,Insert,1.0,141.00,Sell
835,2021-10-04T14:47:42.023Z,Update,2.0,140.00,Buy
836,2021-10-04T14:48:06.462Z,Insert,5.0,140.00,Buy
837,2021-10-04T14:48:06.462Z,Insert,5.0,140.00,Buy
838,2021-10-04T14:48:19.447Z,Insert,1.0,140.50,Buy
839,2021-10-04T14:48:19.447Z,Update,1.0,140.50,Sell
840,2021-10-04T14:48:19.447Z,Insert,1.0,140.50,Buy
841,2021-10-04T14:48:44Z,Insert,1.0,139.50,Sell
842,2021-10-04T14:48:51Z,Insert,1.0,139.25,Sell
843,2021-10-04T14:50:00Z,Update,16.0,140.00,Sell
844,2021-10-04T14:50:09.996Z,Update,1.0,140.00,Sell
845,2021-10-04T14:51:04.614Z,Update,2.0,140.00,Sell
846,2021-10-04T14:51:30.724Z,Update,1.0,139.50,Sell
847,2021-10-04T14:51:31.241Z,Update,1.0,140.00,Sell
848,2021-10-04T14:51:35.084Z,Update,1.0,139.50,Sell
849,2021-10-04T14:51:35Z,Insert,1.0,139.50,Buy
850,2021-10-04T14:51:40.99Z,Update,1.0,139.50,Sell
851,2021-10-04T14:51:44Z,Insert,2.0,140.00,Sell
852,2021-10-04T14:51:49.064Z,Update,2.0,140.00,Buy
853,2021-10-04T14:51:50.49Z,Update,3.0,140.00,Buy
854,2021-10-04T14:51:50.505Z,Update,1.0,140.00,Buy
855,2021-10-04T14:52:00Z,Insert,1.0,140.00,Sell
856,2021-10-04T14:52:14Z,Insert,1.0,140.00,Sell
857,2021-10-04T14:52:24Z,Insert,1.0,140.00,Sell
858,2021-10-04T14:52:39Z,Insert,1.0,139.50,Sell
859,2021-10-04T14:52:46Z,Insert,1.0,140.50,Sell
860,2021-10-04T14:52:49Z,Insert,1.0,140.00,Sell
861,2021-10-04T14:52:56Z,Insert,1.0,140.50,Sell
862,2021-10-04T14:53:00Z,Insert,1.0,140.50,Sell
863,2021-10-04T14:53:03Z,Insert,1.0,140.00,Sell
864,2021-10-04T14:53:55Z,Insert,1.0,140.50,Sell
865,2021-10-04T14:54:57Z,Insert,2.0,140.00,Sell
866,2021-10-04T14:55:01.382Z,Update,1.0,140.00,Sell
867,2021-10-04T14:55:03.451Z,Update,1.0,140.00,Sell
868,2021-10-04T14:57:33Z,Insert,1.0,140.50,Sell
869,2021-10-04T14:57:36Z,Insert,1.0,141.50,Sell
870,2021-10-04T15:02:32Z,Insert,2.0,141.50,Sell
871,2021-10-04T15:07:27.196Z,Update,1.0,141.750,Sell
872,2021-10-04T15:07:32.315Z,Update,2.0,141.750,Sell
873,2021-10-04T15:07:35.68Z,Update,9.0,141.750,Sell
874,2021-10-04T15:07:38.088Z,Update,3.0,141.750,Sell
875,2021-10-04T15:08:28Z,Insert,1.0,142.00,Sell
876,2021-10-04T15:08:31Z,Insert,1.0,142.02,Sell
877,2021-10-04T15:09:52.286Z,Update,1.0,141.75,Sell
878,2021-10-04T15:10:29.701Z,Update,1.0,141.75,Sell
879,2021-10-04T15:10:32.394Z,Update,1.0,141.50,Sell
880,2021-10-04T15:11:23Z,Insert,1.0,142.00,Sell
881,2021-10-04T15:12:45Z,Insert,1.0,141.50,Sell
882,2021-10-04T15:12:50.947Z,Update,1.0,141.50,Sell
883,2021-10-04T15:14:42Z,Insert,1.0,141.40,Sell
884,2021-10-04T15:15:22Z,Insert,1.0,141.00,Sell
885,2021-10-04T15:18:12.219Z,Update,1.0,140.60,Sell
886,2021-10-04T15:18:15.012Z,Update,1.0,140.60,Sell
887,2021-10-04T15:18:16.154Z,Update,1.0,140.60,Sell
888,2021-10-04T15:18:17.975Z,Update,1.0,140.60,Sell
889,2021-10-04T15:18:19.392Z,Update,1.0,140.60,Sell
890,2021-10-04T15:18:24.862Z,Update,2.0,140.50,Sell
891,2021-10-04T15:19:00Z,Update,5.0,140.50,Sell
892,2021-10-04T15:20:00Z,Update,2.0,140.50,Sell
893,2021-10-04T15:20:15.705Z,Update,1.0,140.35,Sell
894,2021-10-04T15:21:38Z,Insert,1.0,140.05,Sell
895,2021-10-04T15:21:38Z,Insert,3.0,140.00,Sell
896,2021-10-04T15:21:50Z,Insert,3.0,140.00,Sell
897,2021-10-04T15:22:00Z,Update,1.0,140.55,Sell
898,2021-10-04T15:22:29.749Z,Update,2.0,140.00,Sell
899,2021-10-04T15:22:54.553Z,Update,1.0,140.55,Sell
900,2021-10-04T15:25:00Z,Update,2.0,140.55,Sell
901,2021-10-04T15:25:18.209Z,Update,1.0,140.00,Sell
902,2021-10-04T15:25:33Z,Insert,3.0,140.00,Sell
903,2021-10-04T15:25:34Z,Insert,1.0,140.00,Sell
904,2021-10-04T15:25:39.152Z,Update,5.0,140.00,Sell
905,2021-10-04T15:25:51Z,Insert,1.0,140.00,Sell
906,2021-10-04T15:28:33Z,Insert,2.0,140.40,Sell
907,2021-10-04T15:28:42.375Z,Update,1.0,140.00,Sell
908,2021-10-04T15:28:48.163Z,Update,5.0,140.00,Sell
909,2021-10-04T15:29:57.68Z,Update,4.0,140.00,Sell
910,2021-10-04T15:30:12Z,Insert,1.0,140.00,Sell
911,2021-10-04T15:30:14.429Z,Update,1.0,140.00,Sell
912,2021-10-04T15:30:23Z,Insert,1.0,139.80,Sell
913,2021-10-04T15:30:27.322Z,Update,3.0,139.50,Sell
914,2021-10-04T15:30:32.283Z,Update,1.0,139.50,Buy
915,2021-10-04T15:30:45Z,Insert,2.0,139.50,Sell
916,2021-10-04T15:30:47Z,Insert,2.0,139.50,Sell
917,2021-10-04T15:31:09.862Z,Update,1.0,139.50,Sell
918,2021-10-04T15:33:41.037Z,Update,1.0,139.50,Buy
919,2021-10-04T15:33:46.07Z,Update,1.0,139.50,Buy
920,2021-10-04T15:33:54Z,Insert,2.0,139.50,Sell
921,2021-10-04T15:33:58.809Z,Update,3.0,139.50,Buy
922,2021-10-04T15:34:01Z,Insert,1.0,139.60,Sell
923,2021-10-04T15:34:06Z,Insert,1.0,139.75,Sell
924,2021-10-04T15:34:08Z,Insert,4.0,139.75,Sell
925,2021-10-04T15:35:09.247Z,Update,1.0,139.75,Sell
926,2021-10-04T15:35:12.347Z,Update,1.0,139.75,Sell
927,2021-10-04T15:35:15.516Z,Update,1.0,139.75,Sell
928,2021-10-04T15:35:16.323Z,Update,1.0,139.75,Sell
929,2021-10-04T15:35:23.055Z,Update,1.0,139.75,Sell
930,2021-10-04T15:35:59Z,Insert,1.0,139.75,Sell
931,2021-10-04T15:36:05Z,Insert,1.0,139.75,Sell
932,2021-10-04T15:36:07Z,Insert,1.0,139.75,Sell
933,2021-10-04T15:36:07Z,Insert,1.0,139.75,Sell
934,2021-10-04T15:36:07Z,Insert,1.0,139.75,Sell
935,2021-10-04T15:41:01.356Z,Update,1.0,139.60,Sell
936,2021-10-04T15:42:06Z,Insert,3.0,139.70,Sell
937,2021-10-04T15:42:11Z,Insert,2.0,139.75,Sell
938,2021-10-04T15:42:17Z,Insert,1.0,139.75,Sell
939,2021-10-04T15:42:19Z,Insert,1.0,139.75,Sell
940,2021-10-04T15:42:21Z,Insert,2.0,139.75,Sell
941,2021-10-04T15:42:21Z,Insert,1.0,139.75,Sell
942,2021-10-04T15:42:35Z,Insert,1.0,139.75,Sell
943,2021-10-04T15:42:37Z,Insert,1.0,139.75,Sell
944,2021-10-04T15:42:38Z,Insert,1.0,139.75,Sell
945,2021-10-04T15:42:45Z,Insert,1.0,139.75,Sell
946,2021-10-04T15:42:45Z,Insert,2.0,139.75,Sell
947,2021-10-04T15:42:46Z,Insert,1.0,139.75,Sell
948,2021-10-04T15:45:10Z,Insert,1.0,139.60,Sell
949,2021-10-04T15:46:42.635Z,Update,1.0,139.50,Sell
950,2021-10-04T15:47:00.55Z,Update,1.0,139.50,Sell
951,2021-10-04T15:47:04.183Z,Update,4.0,139.50,Sell
952,2021-10-04T15:47:06.905Z,Update,1.0,139.50,Sell
953,2021-10-04T15:47:06Z,Insert,1.0,139.50,Sell
954,2021-10-04T15:48:00Z,Update,5.0,139.50,Sell
955,2021-10-04T15:48:38.688Z,Update,1.0,140.00,Buy
956,2021-10-04T15:51:16Z,Insert,2.0,140.50,Sell
957,2021-10-04T15:51:16Z,Insert,2.0,140.50,Sell
958,2021-10-04T15:51:16Z,Insert,1.0,140.50,Sell
959,2021-10-04T15:56:40Z,Insert,1.0,140.50,Sell
960,2021-10-04T15:56:43Z,Insert,4.0,140.50,Sell
961,2021-10-04T15:59:31.063Z,Update,5.0,140.00,Buy
962,2021-10-04T15:59:44Z,Insert,1.0,140.99,Sell
963,2021-10-04T15:59:57.325Z,Update,1.0,140.99,Sell
964,2021-10-04T16:02:26.529Z,Update,1.0,141.25,Buy
