,DateTime,Action,Volume,Price,AggressorAction
0,2021-10-06T06:20:55.597Z,Update,1.0,166.00,Sell
1,2021-10-06T06:21:02.568Z,Update,1.0,167.00,Sell
2,2021-10-06T06:21:04.219Z,Update,1.0,167.00,Sell
3,2021-10-06T06:21:04.323Z,Update,1.0,167.00,Sell
4,2021-10-06T06:23:25.251Z,Update,1.0,167.00,Sell
5,2021-10-06T06:25:21.308Z,Update,1.0,167.00,Sell
6,2021-10-06T06:27:50.627Z,Update,1.0,167.00,Sell
7,2021-10-06T06:29:10Z,Insert,1.0,167.50,Sell
8,2021-10-06T06:29:17Z,Insert,1.0,168.00,Sell
9,2021-10-06T06:29:29Z,Insert,1.0,168.00,Sell
10,2021-10-06T06:29:32.688Z,Update,1.0,168.00,Buy
11,2021-10-06T06:30:14.171Z,Update,1.0,168.00,Buy
12,2021-10-06T06:33:29.008Z,Insert,2.0,168.85,Buy
13,2021-10-06T06:34:04Z,Insert,2.0,170.00,Sell
14,2021-10-06T06:34:35Z,Insert,1.0,168.50,Sell
15,2021-10-06T06:39:29.301Z,Update,1.0,165.00,Sell
16,2021-10-06T06:39:32.492Z,Update,2.0,166.00,Sell
17,2021-10-06T06:40:32Z,Insert,2.0,165.00,Sell
18,2021-10-06T06:40:38.567Z,Update,3.0,165.00,Sell
19,2021-10-06T06:40:38.607Z,Update,1.0,165.00,Sell
20,2021-10-06T06:40:38Z,Insert,1.0,165.00,Sell
21,2021-10-06T06:41:47.284Z,Insert,1.0,165.00,Sell
22,2021-10-06T06:41:47.284Z,Update,1.0,165.00,Sell
23,2021-10-06T06:41:47.284Z,Insert,1.0,165.00,Buy
24,2021-10-06T06:43:39Z,Insert,1.0,164.99,Sell
25,2021-10-06T06:43:42.825Z,Update,1.0,165.00,Sell
26,2021-10-06T06:43:42.825Z,Insert,1.0,165.00,Sell
27,2021-10-06T06:44:21Z,Insert,1.0,166.00,Sell
28,2021-10-06T06:44:21Z,Insert,1.0,166.00,Buy
29,2021-10-06T06:44:21Z,Update,1.0,166.00,Sell
30,2021-10-06T06:47:17.905Z,Update,3.0,166.00,Buy
31,2021-10-06T06:50:38Z,Insert,1.0,167.50,Sell
32,2021-10-06T06:50:41.206Z,Insert,1.0,167.50,Buy
33,2021-10-06T06:50:41.206Z,Update,1.0,167.50,Buy
34,2021-10-06T06:50:41.206Z,Insert,1.0,167.50,Sell
35,2021-10-06T06:50:56Z,Insert,2.0,167.79,Sell
36,2021-10-06T06:51:00Z,Insert,1.0,167.79,Sell
37,2021-10-06T06:55:00Z,Update,5.0,167.50,Sell
38,2021-10-06T06:55:00Z,Insert,5.0,167.50,Sell
39,2021-10-06T06:55:00Z,Insert,5.0,167.50,Buy
40,2021-10-06T06:55:47.065Z,Update,1.0,167.50,Buy
41,2021-10-06T07:04:33Z,Insert,6.0,167.10,Sell
42,2021-10-06T07:04:43.611Z,Update,2.0,167.25,Sell
43,2021-10-06T07:04:53.618Z,Update,1.0,167.25,Sell
44,2021-10-06T07:04:54Z,Insert,2.0,167.05,Sell
45,2021-10-06T07:04:56.908Z,Update,2.0,167.25,Sell
46,2021-10-06T07:04:58.573Z,Update,1.0,167.00,Sell
47,2021-10-06T07:08:02.93Z,Update,1.0,167.00,Sell
48,2021-10-06T07:08:05Z,Insert,2.0,167.00,Sell
49,2021-10-06T07:08:43.078Z,Update,3.0,165.75,Sell
50,2021-10-06T07:15:00Z,Update,5.0,164.00,Sell
51,2021-10-06T07:15:00Z,Insert,5.0,164.00,Buy
52,2021-10-06T07:19:00Z,Update,3.0,165.00,Sell
53,2021-10-06T07:19:28.042Z,Update,1.0,165.00,Sell
54,2021-10-06T07:19:29.036Z,Update,1.0,165.00,Sell
55,2021-10-06T07:19:35Z,Insert,2.0,164.75,Sell
56,2021-10-06T07:19:49.599Z,Update,1.0,165.10,Sell
57,2021-10-06T07:19:49Z,Update,1.0,165.10,Sell
58,2021-10-06T07:19:49Z,Update,2.0,165.10,Sell
59,2021-10-06T07:21:33Z,Insert,1.0,165.00,Sell
60,2021-10-06T07:21:34.239Z,Update,1.0,164.75,Sell
61,2021-10-06T07:21:40.83Z,Update,1.0,164.75,Sell
62,2021-10-06T07:22:00Z,Update,2.0,164.75,Sell
63,2021-10-06T07:22:10Z,Insert,1.0,164.31,Sell
64,2021-10-06T07:22:53.039Z,Update,1.0,164.00,Buy
65,2021-10-06T07:24:37.527Z,Insert,5.0,165.00,Buy
66,2021-10-06T07:24:37.527Z,Insert,5.0,165.00,Buy
67,2021-10-06T07:24:41.709Z,Update,2.0,165.00,Sell
68,2021-10-06T07:27:07Z,Insert,1.0,165.00,Sell
69,2021-10-06T07:27:53Z,Insert,2.0,165.50,Sell
70,2021-10-06T07:28:05.784Z,Update,1.0,165.00,Buy
71,2021-10-06T07:28:08.575Z,Update,1.0,165.00,Buy
72,2021-10-06T07:28:10.387Z,Update,1.0,165.00,Buy
73,2021-10-06T07:29:45.508Z,Update,1.0,166.00,Sell
74,2021-10-06T07:31:52.192Z,Update,1.0,166.00,Sell
75,2021-10-06T07:31:53Z,Insert,3.0,166.00,Sell
76,2021-10-06T07:32:00Z,Update,5.0,166.00,Sell
77,2021-10-06T07:32:46Z,Insert,1.0,166.00,Sell
78,2021-10-06T07:33:47Z,Insert,5.0,165.00,Sell
79,2021-10-06T07:36:03Z,Insert,1.0,166.50,Sell
80,2021-10-06T07:36:05Z,Insert,1.0,166.50,Sell
81,2021-10-06T07:36:06Z,Insert,1.0,166.50,Sell
82,2021-10-06T07:36:15Z,Insert,1.0,166.50,Sell
83,2021-10-06T07:36:17Z,Insert,1.0,166.50,Sell
84,2021-10-06T07:36:17Z,Insert,1.0,166.50,Sell
85,2021-10-06T07:36:39.567Z,Update,1.0,166.50,Buy
86,2021-10-06T07:42:55.157Z,Update,1.0,166.90,Sell
87,2021-10-06T07:43:00Z,Update,1.0,166.90,Sell
88,2021-10-06T07:43:02.797Z,Update,2.0,166.75,Buy
89,2021-10-06T07:43:41Z,Insert,3.0,167.00,Sell
90,2021-10-06T07:43:51Z,Insert,2.0,167.00,Sell
91,2021-10-06T07:44:15Z,Insert,1.0,166.50,Sell
92,2021-10-06T07:44:15Z,Insert,1.0,166.50,Sell
93,2021-10-06T07:44:19Z,Insert,1.0,166.50,Sell
94,2021-10-06T07:44:20Z,Insert,1.0,166.50,Sell
95,2021-10-06T07:44:23Z,Insert,1.0,166.50,Sell
96,2021-10-06T07:44:24Z,Insert,1.0,166.50,Sell
97,2021-10-06T07:44:24Z,Insert,1.0,166.50,Sell
98,2021-10-06T07:44:24Z,Insert,1.0,166.50,Sell
99,2021-10-06T07:44:24Z,Insert,1.0,166.50,Sell
100,2021-10-06T07:44:27Z,Insert,1.0,166.50,Sell
101,2021-10-06T07:45:00Z,Insert,3.0,166.90,Buy
102,2021-10-06T07:45:00Z,Insert,3.0,166.90,Buy
103,2021-10-06T07:45:00Z,Update,3.0,166.90,Sell
104,2021-10-06T07:45:38.791Z,Update,1.0,167.00,Sell
105,2021-10-06T07:45:44Z,Insert,1.0,167.25,Sell
106,2021-10-06T07:46:18.036Z,Update,1.0,167.50,Sell
107,2021-10-06T07:48:50Z,Insert,1.0,167.90,Sell
108,2021-10-06T07:49:19.28Z,Update,1.0,168.00,Sell
109,2021-10-06T07:49:25Z,Insert,2.0,168.00,Sell
110,2021-10-06T07:52:12.29Z,Update,1.0,167.50,Sell
111,2021-10-06T07:52:33.306Z,Update,1.0,166.90,Sell
112,2021-10-06T07:56:37Z,Insert,1.0,168.25,Sell
113,2021-10-06T08:02:35Z,Insert,1.0,168.50,Sell
114,2021-10-06T08:02:42Z,Insert,1.0,168.65,Sell
115,2021-10-06T08:02:49.166Z,Insert,1.0,168.75,Buy
116,2021-10-06T08:02:52.822Z,Update,1.0,168.50,Buy
117,2021-10-06T08:03:37.951Z,Update,1.0,169.00,Buy
118,2021-10-06T08:03:41.815Z,Update,1.0,169.00,Sell
119,2021-10-06T08:03:53.213Z,Update,1.0,169.00,Sell
120,2021-10-06T08:04:34.145Z,Update,1.0,169.40,Sell
121,2021-10-06T08:05:07Z,Insert,1.0,169.45,Sell
122,2021-10-06T08:05:21Z,Insert,3.0,169.50,Sell
123,2021-10-06T08:05:21Z,Insert,2.0,169.50,Sell
124,2021-10-06T08:05:35.034Z,Insert,1.0,169.50,Sell
125,2021-10-06T08:06:49Z,Insert,1.0,171.00,Sell
126,2021-10-06T08:09:00Z,Update,1.0,171.00,Sell
127,2021-10-06T08:09:08Z,Insert,1.0,171.00,Sell
128,2021-10-06T08:10:13Z,Insert,1.0,171.50,Sell
129,2021-10-06T08:11:00Z,Insert,1.0,172.00,Sell
130,2021-10-06T08:11:01Z,Insert,1.0,172.00,Sell
131,2021-10-06T08:11:02Z,Insert,2.0,172.00,Sell
132,2021-10-06T08:11:11Z,Insert,3.0,172.00,Sell
133,2021-10-06T08:11:21.801Z,Update,5.0,173.03,Buy
134,2021-10-06T08:11:24Z,Insert,1.0,173.00,Sell
135,2021-10-06T08:11:59.565Z,Update,1.0,173.00,Buy
136,2021-10-06T08:12:04.33Z,Update,1.0,173.00,Buy
137,2021-10-06T08:13:19Z,Insert,1.0,173.00,Sell
138,2021-10-06T08:16:00Z,Update,30.0,173.50,Sell
139,2021-10-06T08:19:47.587Z,Update,1.0,174.00,Sell
140,2021-10-06T08:21:15Z,Insert,1.0,174.50,Sell
141,2021-10-06T08:21:50Z,Insert,1.0,174.75,Sell
142,2021-10-06T08:26:29Z,Insert,1.0,176.00,Sell
143,2021-10-06T08:27:10.61Z,Update,1.0,177.00,Sell
144,2021-10-06T08:27:15Z,Insert,1.0,177.00,Sell
145,2021-10-06T08:27:24Z,Insert,1.0,178.00,Sell
146,2021-10-06T08:27:39Z,Insert,1.0,179.00,Sell
147,2021-10-06T08:28:39.774Z,Update,1.0,177.00,Sell
148,2021-10-06T08:30:44Z,Insert,1.0,179.00,Sell
149,2021-10-06T08:31:10Z,Insert,1.0,179.00,Sell
150,2021-10-06T08:31:27Z,Insert,1.0,178.75,Sell
151,2021-10-06T08:32:18.884Z,Update,1.0,177.00,Sell
152,2021-10-06T08:35:00Z,Update,1.0,176.70,Sell
153,2021-10-06T08:35:30Z,Insert,1.0,176.70,Sell
154,2021-10-06T08:35:35Z,Insert,1.0,176.00,Sell
155,2021-10-06T08:36:00Z,Update,5.0,177.10,Sell
156,2021-10-06T08:36:06Z,Insert,1.0,176.00,Sell
157,2021-10-06T08:36:10.54Z,Update,2.0,177.10,Sell
158,2021-10-06T08:36:10Z,Insert,1.0,176.10,Sell
159,2021-10-06T08:36:18.811Z,Update,1.0,177.10,Sell
160,2021-10-06T08:36:31.947Z,Update,1.0,176.00,Sell
161,2021-10-06T08:36:36.698Z,Update,2.0,177.10,Sell
162,2021-10-06T08:37:20.384Z,Update,1.0,176.00,Sell
163,2021-10-06T08:37:33Z,Update,1.0,176.00,Sell
164,2021-10-06T08:37:33Z,Insert,1.0,176.00,Sell
165,2021-10-06T08:38:31Z,Insert,1.0,177.00,Sell
166,2021-10-06T08:42:13Z,Insert,1.0,177.00,Sell
167,2021-10-06T08:53:41Z,Insert,1.0,177.00,Sell
168,2021-10-06T08:57:48.527Z,Update,1.0,177.24,Buy
169,2021-10-06T08:57:48Z,Insert,1.0,177.30,Sell
170,2021-10-06T08:57:50Z,Insert,1.0,177.25,Sell
171,2021-10-06T08:58:01Z,Insert,1.0,177.00,Sell
172,2021-10-06T08:58:08.715Z,Insert,5.0,177.00,Buy
173,2021-10-06T08:58:30Z,Insert,1.0,177.00,Sell
174,2021-10-06T08:58:35Z,Insert,1.0,177.00,Sell
175,2021-10-06T08:58:41Z,Insert,2.0,177.00,Sell
176,2021-10-06T08:59:00Z,Update,1.0,177.00,Sell
177,2021-10-06T08:59:31.831Z,Update,1.0,177.00,Sell
178,2021-10-06T09:00:00Z,Update,15.0,176.00,Sell
179,2021-10-06T09:00:00Z,Insert,15.0,176.00,Sell
180,2021-10-06T09:03:03.156Z,Update,1.0,177.00,Sell
181,2021-10-06T09:03:03Z,Insert,1.0,177.00,Buy
182,2021-10-06T09:03:03Z,Insert,1.0,177.00,Buy
183,2021-10-06T09:03:03Z,Insert,1.0,177.00,Buy
184,2021-10-06T09:03:03Z,Insert,1.0,177.00,Buy
185,2021-10-06T09:03:53Z,Insert,1.0,177.00,Sell
186,2021-10-06T09:04:00.14Z,Update,1.0,177.00,Sell
187,2021-10-06T09:04:52.686Z,Update,1.0,176.00,Sell
188,2021-10-06T09:04:58Z,Insert,3.0,176.55,Sell
189,2021-10-06T09:05:00Z,Update,4.0,176.95,Sell
190,2021-10-06T09:05:01Z,Insert,1.0,176.95,Sell
191,2021-10-06T09:05:03.316Z,Update,1.0,176.95,Sell
192,2021-10-06T09:05:06.28Z,Update,1.0,176.95,Sell
193,2021-10-06T09:05:18.957Z,Update,1.0,176.95,Sell
194,2021-10-06T09:05:42.963Z,Update,1.0,176.70,Sell
195,2021-10-06T09:06:05.433Z,Update,1.0,176.95,Sell
196,2021-10-06T09:06:16Z,Insert,1.0,176.00,Sell
197,2021-10-06T09:06:35.03Z,Update,1.0,175.50,Sell
198,2021-10-06T09:07:20.403Z,Update,1.0,175.50,Sell
199,2021-10-06T09:08:45Z,Insert,1.0,175.90,Sell
200,2021-10-06T09:09:36Z,Insert,2.0,175.75,Sell
201,2021-10-06T09:10:00Z,Update,1.0,175.90,Sell
202,2021-10-06T09:10:00Z,Update,3.0,175.90,Sell
203,2021-10-06T09:10:00Z,Update,1.0,175.90,Sell
204,2021-10-06T09:10:49.456Z,Update,1.0,175.00,Sell
205,2021-10-06T09:11:14.858Z,Update,1.0,175.90,Sell
206,2021-10-06T09:12:43Z,Insert,1.0,175.00,Sell
207,2021-10-06T09:13:33.475Z,Insert,8.0,175.50,Sell
208,2021-10-06T09:13:33.475Z,Insert,10.0,175.50,Sell
209,2021-10-06T09:13:33.475Z,Insert,10.0,175.50,Sell
210,2021-10-06T09:13:33.475Z,Insert,10.0,175.50,Sell
211,2021-10-06T09:13:33.475Z,Insert,10.0,175.45,Sell
212,2021-10-06T09:13:33.475Z,Insert,10.0,175.45,Sell
213,2021-10-06T09:13:35.321Z,Update,5.0,175.00,Sell
214,2021-10-06T09:14:10.67Z,Update,1.0,175.50,Sell
215,2021-10-06T09:14:13.794Z,Update,1.0,175.50,Buy
216,2021-10-06T09:14:29.225Z,Update,1.0,175.50,Sell
217,2021-10-06T09:14:31Z,Insert,1.0,175.50,Sell
218,2021-10-06T09:14:34Z,Insert,1.0,175.50,Sell
219,2021-10-06T09:16:13.945Z,Insert,1.0,175.00,Sell
220,2021-10-06T09:17:05Z,Insert,1.0,174.00,Sell
221,2021-10-06T09:18:44Z,Insert,1.0,173.50,Sell
222,2021-10-06T09:18:51Z,Insert,1.0,172.50,Sell
223,2021-10-06T09:18:51Z,Insert,1.0,173.00,Sell
224,2021-10-06T09:18:55Z,Insert,1.0,172.00,Sell
225,2021-10-06T09:18:56Z,Insert,1.0,174.00,Sell
226,2021-10-06T09:20:00Z,Update,2.0,174.00,Sell
227,2021-10-06T09:20:00Z,Update,2.0,174.00,Sell
228,2021-10-06T09:20:01Z,Insert,1.0,173.00,Sell
229,2021-10-06T09:20:47Z,Insert,1.0,172.00,Sell
230,2021-10-06T09:20:47Z,Insert,1.0,172.50,Sell
231,2021-10-06T09:20:48Z,Insert,1.0,172.00,Sell
232,2021-10-06T09:20:48Z,Insert,1.0,172.00,Sell
233,2021-10-06T09:21:10Z,Insert,2.0,173.00,Sell
234,2021-10-06T09:21:25Z,Insert,1.0,173.00,Sell
235,2021-10-06T09:21:28Z,Insert,1.0,173.00,Sell
236,2021-10-06T09:21:32Z,Insert,2.0,173.00,Sell
237,2021-10-06T09:21:45Z,Insert,3.0,173.00,Sell
238,2021-10-06T09:21:54Z,Insert,1.0,173.00,Sell
239,2021-10-06T09:22:23Z,Insert,1.0,173.00,Sell
240,2021-10-06T09:22:39.249Z,Update,1.0,173.00,Buy
241,2021-10-06T09:23:12.211Z,Update,1.0,173.00,Sell
242,2021-10-06T09:23:12Z,Insert,1.0,173.00,Sell
243,2021-10-06T09:25:32Z,Insert,2.0,173.00,Sell
244,2021-10-06T09:26:00Z,Update,6.0,173.00,Sell
245,2021-10-06T09:26:28.954Z,Update,1.0,173.00,Sell
246,2021-10-06T09:26:29Z,Insert,1.0,173.00,Sell
247,2021-10-06T09:26:55.861Z,Update,1.0,173.00,Buy
248,2021-10-06T09:27:01Z,Insert,1.0,173.00,Sell
249,2021-10-06T09:27:04Z,Insert,1.0,173.00,Sell
250,2021-10-06T09:27:06.832Z,Update,1.0,173.00,Sell
251,2021-10-06T09:27:06Z,Insert,1.0,173.00,Sell
252,2021-10-06T09:27:08Z,Insert,1.0,173.00,Sell
253,2021-10-06T09:27:11.69Z,Update,3.0,173.00,Sell
254,2021-10-06T09:27:11Z,Insert,1.0,173.00,Sell
255,2021-10-06T09:27:24Z,Insert,1.0,173.00,Sell
256,2021-10-06T09:27:44.022Z,Update,1.0,173.00,Sell
257,2021-10-06T09:27:46.612Z,Update,1.0,173.00,Sell
258,2021-10-06T09:27:55.033Z,Update,1.0,173.00,Sell
259,2021-10-06T09:27:57.256Z,Update,1.0,173.00,Sell
260,2021-10-06T09:27:57Z,Update,1.0,173.00,Buy
261,2021-10-06T09:28:00Z,Update,3.0,171.40,Sell
262,2021-10-06T09:28:00Z,Update,2.0,172.00,Sell
263,2021-10-06T09:28:07Z,Insert,1.0,173.00,Sell
264,2021-10-06T09:28:27Z,Insert,1.0,172.52,Sell
265,2021-10-06T09:28:30Z,Insert,1.0,172.52,Sell
266,2021-10-06T09:30:00Z,Update,1.0,167.50,Sell
267,2021-10-06T09:30:00Z,Update,1.0,166.50,Sell
268,2021-10-06T09:31:17.739Z,Update,2.0,172.50,Buy
269,2021-10-06T09:33:26.911Z,Update,1.0,172.40,Sell
270,2021-10-06T09:33:38Z,Insert,1.0,172.50,Sell
271,2021-10-06T09:34:39.941Z,Update,1.0,172.40,Sell
272,2021-10-06T09:34:40Z,Insert,1.0,172.45,Sell
273,2021-10-06T09:35:00Z,Insert,1.0,172.00,Sell
274,2021-10-06T09:35:10Z,Insert,1.0,172.45,Sell
275,2021-10-06T09:36:09.918Z,Update,1.0,172.00,Sell
276,2021-10-06T09:36:10.418Z,Update,1.0,172.00,Sell
277,2021-10-06T09:36:21Z,Insert,1.0,172.00,Sell
278,2021-10-06T09:36:26Z,Insert,1.0,172.00,Sell
279,2021-10-06T09:36:29Z,Insert,1.0,172.00,Sell
280,2021-10-06T09:36:32Z,Insert,2.0,172.00,Sell
281,2021-10-06T09:36:35Z,Insert,1.0,172.00,Sell
282,2021-10-06T09:36:58Z,Insert,1.0,172.00,Sell
283,2021-10-06T09:39:03.853Z,Update,2.0,172.00,Buy
284,2021-10-06T09:39:31.857Z,Update,2.0,172.00,Sell
285,2021-10-06T09:39:41.67Z,Update,1.0,172.00,Sell
286,2021-10-06T09:39:44.922Z,Update,3.0,172.00,Sell
287,2021-10-06T09:39:44.991Z,Update,1.0,172.00,Buy
288,2021-10-06T09:39:46.829Z,Update,1.0,172.00,Sell
289,2021-10-06T09:43:59Z,Insert,1.0,171.75,Sell
290,2021-10-06T09:44:50.477Z,Update,1.0,171.50,Sell
291,2021-10-06T09:44:53Z,Insert,1.0,171.50,Sell
292,2021-10-06T09:45:00Z,Update,1.0,171.50,Sell
293,2021-10-06T09:45:49Z,Insert,1.0,171.25,Sell
294,2021-10-06T09:46:00Z,Insert,1.0,171.40,Sell
295,2021-10-06T09:46:11.019Z,Update,1.0,171.40,Sell
296,2021-10-06T09:46:14.537Z,Update,1.0,171.40,Sell
297,2021-10-06T09:46:45.798Z,Update,1.0,171.40,Sell
298,2021-10-06T09:47:00.767Z,Update,5.0,170.00,Sell
299,2021-10-06T09:48:04Z,Insert,2.0,168.25,Sell
300,2021-10-06T09:48:26Z,Insert,1.0,168.25,Sell
301,2021-10-06T09:48:41.47Z,Insert,5.0,169.75,Buy
302,2021-10-06T09:48:41.47Z,Insert,5.0,169.75,Buy
303,2021-10-06T09:48:45Z,Insert,1.0,167.75,Sell
304,2021-10-06T09:49:51Z,Insert,1.0,167.50,Sell
305,2021-10-06T09:49:56Z,Insert,1.0,167.50,Sell
306,2021-10-06T09:50:00Z,Update,4.0,163.75,Sell
307,2021-10-06T09:50:35Z,Insert,1.0,167.00,Sell
308,2021-10-06T09:51:17.092Z,Update,1.0,166.50,Sell
309,2021-10-06T09:51:28.698Z,Update,1.0,165.84,Sell
310,2021-10-06T09:51:29Z,Insert,1.0,165.85,Sell
311,2021-10-06T09:51:40.748Z,Update,1.0,167.50,Sell
312,2021-10-06T09:51:43Z,Insert,1.0,165.50,Sell
313,2021-10-06T09:51:44.316Z,Update,1.0,166.00,Sell
314,2021-10-06T09:51:52.724Z,Update,1.0,166.50,Sell
315,2021-10-06T09:51:55.482Z,Update,1.0,165.00,Sell
316,2021-10-06T09:51:55Z,Update,1.0,165.00,Sell
317,2021-10-06T09:52:00Z,Insert,1.0,165.42,Sell
318,2021-10-06T09:52:12Z,Insert,1.0,165.00,Sell
319,2021-10-06T09:52:16.161Z,Update,1.0,165.50,Sell
320,2021-10-06T09:52:20.607Z,Update,1.0,166.00,Sell
321,2021-10-06T09:52:20Z,Insert,1.0,166.00,Sell
322,2021-10-06T09:52:32Z,Insert,1.0,166.00,Sell
323,2021-10-06T09:52:33.884Z,Update,1.0,166.00,Buy
324,2021-10-06T09:52:33Z,Insert,1.0,166.00,Sell
325,2021-10-06T09:53:05.974Z,Update,1.0,171.40,Sell
326,2021-10-06T09:55:16Z,Insert,2.0,164.50,Sell
327,2021-10-06T09:55:23Z,Insert,1.0,163.75,Sell
328,2021-10-06T09:55:29Z,Insert,1.0,163.10,Sell
329,2021-10-06T09:55:38Z,Insert,1.0,163.75,Sell
330,2021-10-06T09:55:51.052Z,Update,5.0,163.50,Sell
331,2021-10-06T09:55:57Z,Insert,1.0,163.00,Sell
332,2021-10-06T09:56:06.41Z,Update,1.0,163.50,Sell
333,2021-10-06T09:56:59.949Z,Update,1.0,162.00,Sell
334,2021-10-06T09:57:03.022Z,Update,1.0,162.00,Sell
335,2021-10-06T09:57:04.95Z,Update,1.0,163.75,Sell
336,2021-10-06T09:57:06.168Z,Update,1.0,162.00,Sell
337,2021-10-06T09:57:09.672Z,Update,1.0,162.00,Sell
338,2021-10-06T09:57:12.058Z,Update,1.0,163.75,Sell
339,2021-10-06T09:57:15.934Z,Update,2.0,163.75,Sell
340,2021-10-06T09:57:21.375Z,Insert,1.0,162.00,Buy
341,2021-10-06T09:57:37Z,Insert,1.0,162.00,Sell
342,2021-10-06T09:57:53Z,Insert,1.0,162.00,Sell
343,2021-10-06T09:57:54Z,Insert,2.0,161.30,Sell
344,2021-10-06T09:58:11Z,Insert,1.0,161.30,Sell
345,2021-10-06T09:58:13.955Z,Insert,1.0,162.00,Sell
346,2021-10-06T09:58:31.636Z,Update,1.0,162.12,Sell
347,2021-10-06T09:58:39.112Z,Update,1.0,162.00,Sell
348,2021-10-06T09:59:00Z,Update,1.0,162.00,Buy
349,2021-10-06T09:59:12Z,Insert,1.0,162.00,Sell
350,2021-10-06T09:59:15Z,Insert,1.0,161.00,Sell
351,2021-10-06T09:59:35Z,Insert,1.0,161.25,Sell
352,2021-10-06T09:59:57.617Z,Insert,1.0,161.00,Sell
353,2021-10-06T10:00:01Z,Insert,1.0,161.00,Sell
354,2021-10-06T10:00:46.982Z,Update,1.0,160.00,Sell
355,2021-10-06T10:01:23.199Z,Update,1.0,159.50,Sell
356,2021-10-06T10:02:08.141Z,Update,5.0,158.60,Sell
357,2021-10-06T10:02:16.447Z,Update,1.0,153.00,Sell
358,2021-10-06T10:03:13.03Z,Update,5.0,157.80,Buy
359,2021-10-06T10:03:38.42Z,Update,1.0,155.500,Sell
360,2021-10-06T10:03:42Z,Insert,1.0,154.95,Sell
361,2021-10-06T10:03:52Z,Insert,1.0,154.50,Sell
362,2021-10-06T10:04:37.307Z,Update,2.0,153.00,Buy
363,2021-10-06T10:04:38.161Z,Update,2.0,153.00,Buy
364,2021-10-06T10:04:38Z,Insert,1.0,153.00,Buy
365,2021-10-06T10:04:45Z,Insert,1.0,153.00,Sell
366,2021-10-06T10:04:47.124Z,Update,1.0,153.00,Buy
367,2021-10-06T10:05:24.531Z,Update,2.0,152.75,Sell
368,2021-10-06T10:06:15Z,Insert,3.0,152.00,Sell
369,2021-10-06T10:06:18Z,Insert,1.0,152.00,Sell
370,2021-10-06T10:06:24Z,Insert,1.0,152.00,Sell
371,2021-10-06T10:07:02.133Z,Update,2.0,152.00,Sell
372,2021-10-06T10:07:04Z,Insert,1.0,152.00,Sell
373,2021-10-06T10:07:05.148Z,Update,1.0,152.00,Sell
374,2021-10-06T10:07:24Z,Insert,1.0,152.00,Sell
375,2021-10-06T10:07:38Z,Insert,1.0,152.00,Sell
376,2021-10-06T10:07:59Z,Insert,1.0,151.50,Sell
377,2021-10-06T10:08:04.118Z,Update,1.0,150.00,Buy
378,2021-10-06T10:08:15Z,Insert,1.0,152.00,Sell
379,2021-10-06T10:08:53.367Z,Update,1.0,151.00,Sell
380,2021-10-06T10:08:57.677Z,Update,1.0,151.000,Sell
381,2021-10-06T10:09:07Z,Insert,2.0,150.00,Sell
382,2021-10-06T10:09:15Z,Insert,5.0,149.74,Sell
383,2021-10-06T10:10:28.772Z,Update,1.0,149.70,Sell
384,2021-10-06T10:10:28.772Z,Update,1.0,149.70,Sell
385,2021-10-06T10:10:34.576Z,Insert,1.0,150.00,Buy
386,2021-10-06T10:10:39Z,Insert,1.0,150.00,Sell
387,2021-10-06T10:11:00Z,Update,2.0,151.15,Sell
388,2021-10-06T10:11:03Z,Insert,1.0,150.00,Sell
389,2021-10-06T10:11:29Z,Insert,2.0,150.20,Sell
390,2021-10-06T10:11:45.132Z,Update,1.0,151.15,Sell
391,2021-10-06T10:11:46.993Z,Update,1.0,151.15,Sell
392,2021-10-06T10:11:48.039Z,Update,1.0,152.00,Sell
393,2021-10-06T10:11:54Z,Insert,1.0,152.00,Sell
394,2021-10-06T10:12:15.905Z,Update,1.0,152.00,Buy
395,2021-10-06T10:12:35Z,Insert,1.0,152.00,Sell
396,2021-10-06T10:12:37Z,Insert,1.0,153.00,Sell
397,2021-10-06T10:12:40.452Z,Insert,1.0,153.00,Buy
398,2021-10-06T10:12:55Z,Insert,1.0,154.00,Sell
399,2021-10-06T10:13:18Z,Insert,1.0,155.00,Sell
400,2021-10-06T10:13:20Z,Insert,1.0,155.00,Sell
401,2021-10-06T10:13:40Z,Insert,1.0,155.00,Sell
402,2021-10-06T10:13:54Z,Insert,2.0,155.00,Sell
403,2021-10-06T10:14:26Z,Update,1.0,156.00,Sell
404,2021-10-06T10:14:26Z,Insert,1.0,156.00,Sell
405,2021-10-06T10:14:31Z,Insert,1.0,155.00,Sell
406,2021-10-06T10:14:39Z,Insert,1.0,156.00,Sell
407,2021-10-06T10:14:42Z,Insert,1.0,155.00,Sell
408,2021-10-06T10:15:11Z,Update,1.0,155.00,Sell
409,2021-10-06T10:15:11Z,Insert,1.0,155.00,Sell
410,2021-10-06T10:19:25Z,Insert,1.0,156.00,Sell
411,2021-10-06T10:19:57.677Z,Update,1.0,157.000,Buy
412,2021-10-06T10:20:23Z,Insert,1.0,157.45,Sell
413,2021-10-06T10:20:25Z,Insert,1.0,157.45,Sell
414,2021-10-06T10:20:25Z,Insert,1.0,157.45,Sell
415,2021-10-06T10:20:25Z,Insert,1.0,157.45,Sell
416,2021-10-06T10:20:55Z,Insert,1.0,159.00,Sell
417,2021-10-06T10:21:23Z,Insert,1.0,159.00,Sell
418,2021-10-06T10:23:00Z,Update,3.0,161.50,Sell
419,2021-10-06T10:23:38.886Z,Update,2.0,161.50,Sell
420,2021-10-06T10:23:51.783Z,Update,1.0,161.50,Sell
421,2021-10-06T10:25:27.744Z,Update,1.0,161.00,Sell
422,2021-10-06T10:25:48.092Z,Update,5.0,161.00,Sell
423,2021-10-06T10:26:00Z,Update,6.0,161.00,Sell
424,2021-10-06T10:27:55Z,Insert,1.0,160.50,Sell
425,2021-10-06T10:28:10Z,Insert,1.0,160.50,Sell
426,2021-10-06T10:30:00Z,Update,5.0,162.50,Sell
427,2021-10-06T10:30:25Z,Insert,3.0,162.50,Sell
428,2021-10-06T10:30:38.852Z,Update,5.0,162.50,Sell
429,2021-10-06T10:31:41.271Z,Update,5.0,162.50,Sell
430,2021-10-06T10:33:39.389Z,Update,1.0,163.50,Buy
431,2021-10-06T10:33:59Z,Insert,1.0,163.50,Sell
432,2021-10-06T10:34:09.71Z,Update,2.0,163.50,Sell
433,2021-10-06T10:34:33.131Z,Update,3.0,163.50,Sell
434,2021-10-06T10:35:00Z,Update,5.0,163.50,Sell
435,2021-10-06T10:36:49.553Z,Update,1.0,162.47,Sell
436,2021-10-06T10:36:53Z,Insert,2.0,163.00,Sell
437,2021-10-06T10:37:09.5013169Z,Insert,1.0,162.00,Sell
438,2021-10-06T10:37:09Z,Insert,1.0,162.00,Sell
439,2021-10-06T10:37:10.15Z,Insert,4.0,162.00,Buy
440,2021-10-06T10:37:10.15Z,Insert,4.0,162.00,Buy
441,2021-10-06T10:37:46.403Z,Update,1.0,162.00,Sell
442,2021-10-06T10:38:06Z,Insert,2.0,161.25,Sell
443,2021-10-06T10:38:12.685Z,Update,2.0,163.50,Sell
444,2021-10-06T10:38:13.643Z,Update,1.0,161.00,Sell
445,2021-10-06T10:38:19.25Z,Update,1.0,161.00,Sell
446,2021-10-06T10:38:28.534Z,Update,3.0,161.00,Sell
447,2021-10-06T10:39:02.012Z,Update,5.0,160.50,Sell
448,2021-10-06T10:39:26Z,Insert,1.0,160.10,Sell
449,2021-10-06T10:39:30.86Z,Insert,3.0,160.10,Sell
450,2021-10-06T10:39:30.86Z,Insert,3.0,160.10,Sell
451,2021-10-06T10:39:43Z,Insert,2.0,159.00,Sell
452,2021-10-06T10:39:58.34Z,Update,3.0,160.00,Sell
453,2021-10-06T10:40:06.289Z,Update,5.0,159.50,Sell
454,2021-10-06T10:40:39.107Z,Update,1.0,158.00,Sell
455,2021-10-06T10:40:45.577Z,Update,1.0,158.00,Sell
456,2021-10-06T10:40:48Z,Insert,1.0,158.00,Sell
457,2021-10-06T10:41:20Z,Insert,1.0,157.50,Sell
458,2021-10-06T10:41:25.279Z,Update,1.0,157.25,Sell
459,2021-10-06T10:42:09.233Z,Update,1.0,156.50,Sell
460,2021-10-06T10:42:26.46Z,Update,2.0,156.00,Sell
461,2021-10-06T10:42:26.733Z,Update,1.0,156.00,Sell
462,2021-10-06T10:42:28.914Z,Update,1.0,156.00,Sell
463,2021-10-06T10:42:32Z,Insert,1.0,156.00,Sell
464,2021-10-06T10:43:31Z,Insert,1.0,155.00,Sell
465,2021-10-06T10:43:38Z,Insert,1.0,155.00,Sell
466,2021-10-06T10:46:34Z,Insert,2.0,155.76,Sell
467,2021-10-06T10:47:09.872Z,Update,1.0,155.500,Sell
468,2021-10-06T10:47:28.625Z,Insert,1.0,157.00,Buy
469,2021-10-06T10:48:10.957Z,Insert,3.0,156.00,Sell
470,2021-10-06T10:48:10.957Z,Insert,3.0,156.00,Sell
471,2021-10-06T10:48:19Z,Insert,1.0,156.00,Sell
472,2021-10-06T10:49:02.746Z,Update,1.0,156.50,Buy
473,2021-10-06T10:53:11.973Z,Update,1.0,156.50,Buy
474,2021-10-06T10:54:34Z,Insert,1.0,156.00,Sell
475,2021-10-06T10:54:45Z,Insert,1.0,156.00,Sell
476,2021-10-06T10:55:06.663Z,Update,1.0,156.00,Sell
477,2021-10-06T10:55:10.772Z,Update,1.0,156.00,Sell
478,2021-10-06T10:59:55.031Z,Update,1.0,156.00,Sell
479,2021-10-06T11:00:18Z,Insert,1.0,156.00,Sell
480,2021-10-06T11:00:29.086Z,Update,1.0,156.00,Sell
481,2021-10-06T11:01:18Z,Insert,1.0,156.50,Sell
482,2021-10-06T11:02:13Z,Insert,1.0,157.00,Sell
483,2021-10-06T11:02:15Z,Insert,1.0,157.00,Sell
484,2021-10-06T11:02:16Z,Insert,1.0,157.00,Sell
485,2021-10-06T11:02:18Z,Insert,1.0,157.00,Sell
486,2021-10-06T11:02:20Z,Insert,1.0,157.00,Sell
487,2021-10-06T11:02:23Z,Insert,1.0,157.00,Sell
488,2021-10-06T11:02:23Z,Insert,1.0,157.00,Sell
489,2021-10-06T11:02:26Z,Insert,1.0,157.00,Sell
490,2021-10-06T11:02:31Z,Insert,1.0,157.00,Sell
491,2021-10-06T11:02:32Z,Insert,1.0,157.00,Sell
492,2021-10-06T11:02:51Z,Insert,1.0,157.00,Sell
493,2021-10-06T11:02:57Z,Insert,1.0,157.00,Sell
494,2021-10-06T11:02:57Z,Insert,1.0,157.00,Sell
495,2021-10-06T11:02:58Z,Insert,1.0,157.00,Sell
496,2021-10-06T11:03:33Z,Insert,1.0,157.00,Sell
497,2021-10-06T11:03:34Z,Insert,1.0,157.00,Sell
498,2021-10-06T11:04:04Z,Update,3.0,157.10,Sell
499,2021-10-06T11:04:04Z,Update,1.0,157.00,Sell
500,2021-10-06T11:04:22Z,Insert,1.0,157.10,Sell
501,2021-10-06T11:04:40Z,Insert,2.0,157.10,Sell
502,2021-10-06T11:05:33.503Z,Update,1.0,157.25,Sell
503,2021-10-06T11:05:34.534Z,Update,1.0,157.25,Sell
504,2021-10-06T11:05:35Z,Insert,1.0,157.00,Sell
505,2021-10-06T11:05:43Z,Insert,1.0,157.00,Sell
506,2021-10-06T11:05:44.409Z,Update,1.0,157.25,Sell
507,2021-10-06T11:06:12Z,Insert,1.0,157.00,Sell
508,2021-10-06T11:06:14Z,Update,1.0,157.00,Sell
509,2021-10-06T11:06:35.811Z,Update,1.0,156.00,Sell
510,2021-10-06T11:06:50Z,Insert,1.0,155.50,Sell
511,2021-10-06T11:07:43.277Z,Update,5.0,155.500,Sell
512,2021-10-06T11:07:46.167Z,Update,3.0,155.50,Sell
513,2021-10-06T11:07:47.299Z,Update,1.0,155.50,Sell
514,2021-10-06T11:08:33Z,Update,3.0,157.00,Sell
515,2021-10-06T11:09:17.971Z,Update,2.0,155.00,Sell
516,2021-10-06T11:09:22.174Z,Update,1.0,155.00,Sell
517,2021-10-06T11:09:23Z,Insert,1.0,155.00,Sell
518,2021-10-06T11:09:24Z,Insert,1.0,155.00,Sell
519,2021-10-06T11:09:26.82Z,Insert,4.0,155.00,Sell
520,2021-10-06T11:09:26.82Z,Insert,4.0,155.00,Sell
521,2021-10-06T11:09:29.204Z,Update,2.0,155.00,Sell
522,2021-10-06T11:09:34.9Z,Update,2.0,155.00,Sell
523,2021-10-06T11:09:54.832Z,Insert,1.0,155.00,Sell
524,2021-10-06T11:10:07.317Z,Update,1.0,156.25,Sell
525,2021-10-06T11:10:17.117Z,Update,1.0,155.00,Sell
526,2021-10-06T11:11:09.505Z,Update,3.0,155.00,Sell
527,2021-10-06T11:11:15.544Z,Update,2.0,155.00,Sell
528,2021-10-06T11:15:20Z,Insert,4.0,155.15,Sell
529,2021-10-06T11:16:21Z,Insert,1.0,155.00,Sell
530,2021-10-06T11:16:24.863Z,Update,1.0,155.00,Sell
531,2021-10-06T11:16:58.391Z,Update,1.0,155.00,Sell
532,2021-10-06T11:17:35.281Z,Update,1.0,155.00,Sell
533,2021-10-06T11:21:04Z,Insert,1.0,155.00,Sell
534,2021-10-06T11:21:07Z,Insert,1.0,155.00,Sell
535,2021-10-06T11:21:08Z,Insert,1.0,154.80,Sell
536,2021-10-06T11:21:26Z,Insert,1.0,154.80,Sell
537,2021-10-06T11:21:28Z,Insert,1.0,154.80,Sell
538,2021-10-06T11:21:32Z,Insert,1.0,154.80,Sell
539,2021-10-06T11:21:33.22Z,Update,1.0,154.70,Sell
540,2021-10-06T11:21:42.786Z,Update,1.0,154.50,Sell
541,2021-10-06T11:21:45Z,Insert,2.0,154.50,Sell
542,2021-10-06T11:21:51.515Z,Update,1.0,154.50,Sell
543,2021-10-06T11:21:53.436Z,Update,3.0,154.50,Sell
544,2021-10-06T11:22:07.69Z,Update,3.0,153.50,Sell
545,2021-10-06T11:22:08.984Z,Update,1.0,154.80,Sell
546,2021-10-06T11:23:05Z,Insert,2.0,153.25,Sell
547,2021-10-06T11:23:06Z,Insert,2.0,153.25,Sell
548,2021-10-06T11:23:07Z,Insert,1.0,153.25,Sell
549,2021-10-06T11:23:27.596Z,Update,2.0,153.00,Sell
550,2021-10-06T11:23:32.213Z,Update,2.0,153.00,Sell
551,2021-10-06T11:23:32.781Z,Update,1.0,153.00,Sell
552,2021-10-06T11:23:35.605Z,Update,1.0,153.00,Sell
553,2021-10-06T11:23:45.929Z,Update,1.0,153.00,Sell
554,2021-10-06T11:23:49Z,Insert,2.0,153.00,Sell
555,2021-10-06T11:24:11.518Z,Update,1.0,152.50,Sell
556,2021-10-06T11:24:13.824Z,Update,1.0,153.00,Sell
557,2021-10-06T11:24:18.481Z,Update,1.0,152.90,Sell
558,2021-10-06T11:24:37Z,Insert,1.0,152.00,Sell
559,2021-10-06T11:24:48Z,Insert,1.0,152.00,Sell
560,2021-10-06T11:25:17Z,Insert,1.0,152.00,Sell
561,2021-10-06T11:26:37Z,Insert,1.0,152.00,Sell
562,2021-10-06T11:26:42Z,Insert,1.0,151.75,Sell
563,2021-10-06T11:26:43.841Z,Update,1.0,151.75,Sell
564,2021-10-06T11:26:46.526Z,Update,1.0,151.50,Sell
565,2021-10-06T11:27:24Z,Insert,1.0,151.50,Sell
566,2021-10-06T11:27:29.229Z,Update,1.0,151.10,Sell
567,2021-10-06T11:27:30.652Z,Update,1.0,150.00,Sell
568,2021-10-06T11:27:35.526Z,Update,1.0,151.50,Sell
569,2021-10-06T11:27:35Z,Insert,3.0,151.00,Sell
570,2021-10-06T11:27:41Z,Insert,1.0,150.05,Sell
571,2021-10-06T11:27:47.989Z,Update,1.0,150.00,Sell
572,2021-10-06T11:27:49.906Z,Update,1.0,150.00,Sell
573,2021-10-06T11:27:54.198Z,Update,2.0,150.00,Sell
574,2021-10-06T11:27:55.375Z,Update,1.0,150.00,Sell
575,2021-10-06T11:28:04Z,Insert,1.0,150.00,Sell
576,2021-10-06T11:28:08Z,Insert,1.0,150.00,Sell
577,2021-10-06T11:29:27Z,Insert,2.0,150.00,Sell
578,2021-10-06T11:29:55.33Z,Update,5.0,150.00,Sell
579,2021-10-06T11:29:59.222Z,Update,1.0,150.00,Sell
580,2021-10-06T11:30:02Z,Insert,1.0,150.00,Sell
581,2021-10-06T11:30:46Z,Insert,3.0,149.00,Sell
582,2021-10-06T11:32:01Z,Insert,2.0,150.00,Sell
583,2021-10-06T11:32:06Z,Insert,1.0,150.00,Sell
584,2021-10-06T11:32:22Z,Insert,1.0,150.00,Sell
585,2021-10-06T11:32:34Z,Insert,2.0,150.00,Sell
586,2021-10-06T11:32:57.043Z,Update,1.0,150.03,Buy
587,2021-10-06T11:36:14Z,Insert,1.0,151.00,Sell
588,2021-10-06T11:36:32.213Z,Update,1.0,151.00,Buy
589,2021-10-06T11:37:56.069Z,Insert,1.0,152.00,Buy
590,2021-10-06T11:38:51Z,Insert,1.0,152.00,Sell
591,2021-10-06T11:39:07Z,Insert,1.0,152.00,Sell
592,2021-10-06T11:39:30Z,Insert,1.0,152.00,Sell
593,2021-10-06T11:40:00Z,Update,5.0,152.15,Sell
594,2021-10-06T11:40:00Z,Insert,5.0,152.15,Sell
595,2021-10-06T11:43:09.684Z,Update,1.0,152.75,Sell
596,2021-10-06T11:43:13.98Z,Update,1.0,152.75,Sell
597,2021-10-06T11:43:15.416Z,Update,1.0,152.75,Sell
598,2021-10-06T11:43:18.016Z,Update,1.0,152.75,Sell
599,2021-10-06T11:43:22.666Z,Update,1.0,152.75,Sell
600,2021-10-06T11:43:32.619Z,Update,1.0,152.75,Sell
601,2021-10-06T11:46:36.96Z,Update,1.0,152.80,Sell
602,2021-10-06T11:46:39.624Z,Update,1.0,152.80,Sell
603,2021-10-06T11:46:43.426Z,Update,3.0,152.75,Sell
604,2021-10-06T11:46:45.22Z,Update,3.0,152.75,Sell
605,2021-10-06T11:46:47.594Z,Update,3.0,152.75,Sell
606,2021-10-06T11:47:02.021Z,Update,1.0,152.25,Sell
607,2021-10-06T11:47:02Z,Insert,1.0,152.25,Sell
608,2021-10-06T11:48:24.547Z,Update,2.0,152.15,Sell
609,2021-10-06T11:48:26.17Z,Update,2.0,152.15,Sell
610,2021-10-06T11:48:28.916Z,Update,2.0,152.15,Sell
611,2021-10-06T11:48:29.056Z,Update,2.0,152.15,Sell
612,2021-10-06T11:48:35Z,Insert,1.0,152.00,Sell
613,2021-10-06T11:48:38.181Z,Update,1.0,152.00,Sell
614,2021-10-06T11:50:29Z,Insert,1.0,152.00,Sell
615,2021-10-06T11:50:45Z,Insert,1.0,152.00,Sell
616,2021-10-06T11:51:23.716Z,Update,1.0,151.50,Sell
617,2021-10-06T11:51:29Z,Insert,1.0,151.50,Sell
618,2021-10-06T11:51:54Z,Insert,1.0,151.50,Sell
619,2021-10-06T11:52:03.521Z,Update,1.0,151.50,Sell
620,2021-10-06T11:52:21.782Z,Update,1.0,151.50,Sell
621,2021-10-06T11:52:44.471Z,Update,1.0,151.50,Sell
622,2021-10-06T11:53:35Z,Insert,1.0,151.50,Sell
623,2021-10-06T11:54:04.086Z,Update,1.0,151.00,Sell
624,2021-10-06T11:54:10Z,Insert,1.0,151.00,Sell
625,2021-10-06T11:54:15Z,Insert,1.0,150.75,Sell
626,2021-10-06T11:55:34.652Z,Update,1.0,150.50,Sell
627,2021-10-06T11:55:39Z,Insert,1.0,150.00,Sell
628,2021-10-06T11:55:42Z,Insert,1.0,150.00,Sell
629,2021-10-06T11:55:43Z,Insert,1.0,150.00,Sell
630,2021-10-06T11:55:46Z,Insert,1.0,150.00,Sell
631,2021-10-06T11:56:39.256Z,Update,1.0,149.50,Sell
632,2021-10-06T11:56:42Z,Insert,1.0,149.35,Sell
633,2021-10-06T11:56:45Z,Insert,1.0,149.25,Sell
634,2021-10-06T11:56:47Z,Insert,1.0,149.00,Sell
635,2021-10-06T11:57:32Z,Insert,1.0,149.00,Sell
636,2021-10-06T11:57:39Z,Insert,2.0,149.00,Sell
637,2021-10-06T11:57:53Z,Insert,1.0,149.00,Sell
638,2021-10-06T12:01:23Z,Insert,1.0,149.00,Sell
639,2021-10-06T12:02:41Z,Insert,1.0,149.00,Sell
640,2021-10-06T12:03:11Z,Insert,1.0,149.00,Sell
641,2021-10-06T12:03:13Z,Insert,4.0,149.00,Sell
642,2021-10-06T12:05:49.468Z,Update,1.0,149.00,Sell
643,2021-10-06T12:07:29.007Z,Update,1.0,149.00,Sell
644,2021-10-06T12:08:03.412Z,Update,1.0,149.00,Buy
645,2021-10-06T12:08:23Z,Insert,1.0,148.50,Sell
646,2021-10-06T12:09:09Z,Insert,1.0,148.50,Sell
647,2021-10-06T12:09:11.392Z,Update,2.0,148.50,Sell
648,2021-10-06T12:11:34.468Z,Update,2.0,148.50,Sell
649,2021-10-06T12:11:43Z,Insert,1.0,148.25,Sell
650,2021-10-06T12:13:08.953Z,Update,2.0,147.50,Sell
651,2021-10-06T12:15:41.737Z,Update,1.0,143.00,Sell
652,2021-10-06T12:15:51.425Z,Update,1.0,143.00,Sell
653,2021-10-06T12:15:56Z,Insert,1.0,142.50,Sell
654,2021-10-06T12:15:59Z,Insert,1.0,142.50,Sell
655,2021-10-06T12:16:00Z,Insert,1.0,143.16,Sell
656,2021-10-06T12:16:32Z,Insert,1.0,142.00,Sell
657,2021-10-06T12:16:45.3014288Z,Insert,1.0,142.00,Buy
658,2021-10-06T12:16:45Z,Insert,1.0,142.00,Buy
659,2021-10-06T12:17:12.783Z,Insert,1.0,142.00,Sell
660,2021-10-06T12:17:12.783Z,Insert,1.0,142.00,Sell
661,2021-10-06T12:17:16.146Z,Update,1.0,142.00,Sell
662,2021-10-06T12:17:44Z,Insert,1.0,142.00,Sell
663,2021-10-06T12:18:03.977Z,Insert,1.0,141.00,Sell
664,2021-10-06T12:18:03.977Z,Insert,1.0,141.00,Sell
665,2021-10-06T12:18:09.836Z,Update,1.0,140.00,Sell
666,2021-10-06T12:18:13Z,Insert,1.0,140.00,Sell
667,2021-10-06T12:18:13Z,Insert,1.0,140.00,Sell
668,2021-10-06T12:18:14Z,Insert,1.0,140.00,Sell
669,2021-10-06T12:18:15Z,Insert,1.0,140.00,Sell
670,2021-10-06T12:18:52Z,Insert,1.0,139.00,Sell
671,2021-10-06T12:19:12.634Z,Insert,2.0,139.00,Sell
672,2021-10-06T12:23:10.751Z,Update,1.0,138.00,Buy
673,2021-10-06T12:23:13Z,Insert,1.0,138.70,Sell
674,2021-10-06T12:23:31Z,Insert,1.0,138.00,Sell
675,2021-10-06T12:23:37Z,Insert,4.0,138.00,Sell
676,2021-10-06T12:24:46Z,Insert,1.0,138.00,Sell
677,2021-10-06T12:24:53Z,Insert,1.0,138.00,Sell
678,2021-10-06T12:25:00Z,Insert,2.0,138.00,Sell
679,2021-10-06T12:25:05.525Z,Update,1.0,138.70,Sell
680,2021-10-06T12:25:06Z,Insert,3.0,138.00,Sell
681,2021-10-06T12:25:09Z,Insert,1.0,138.20,Sell
682,2021-10-06T12:25:17Z,Insert,4.0,138.20,Sell
683,2021-10-06T12:25:17Z,Update,4.0,138.20,Sell
684,2021-10-06T12:25:37Z,Insert,8.0,138.70,Sell
685,2021-10-06T12:26:14Z,Insert,1.0,140.00,Sell
686,2021-10-06T12:26:15Z,Insert,1.0,140.00,Sell
687,2021-10-06T12:26:18.693Z,Update,1.0,140.00,Sell
688,2021-10-06T12:26:30Z,Insert,3.0,140.10,Sell
689,2021-10-06T12:26:32Z,Insert,2.0,140.10,Sell
690,2021-10-06T12:27:57Z,Insert,1.0,141.00,Sell
691,2021-10-06T12:28:27.621Z,Update,1.0,141.00,Buy
692,2021-10-06T12:29:51Z,Insert,1.0,141.50,Sell
693,2021-10-06T12:30:30Z,Insert,1.0,142.00,Sell
694,2021-10-06T12:30:36Z,Insert,1.0,142.00,Sell
695,2021-10-06T12:35:42.771Z,Update,1.0,142.50,Sell
696,2021-10-06T12:36:49Z,Insert,2.0,142.00,Sell
697,2021-10-06T12:36:50.28Z,Update,2.0,142.00,Sell
698,2021-10-06T12:37:27Z,Insert,1.0,141.50,Sell
699,2021-10-06T12:40:11.078Z,Update,1.0,141.75,Sell
700,2021-10-06T12:43:50Z,Insert,1.0,142.50,Sell
701,2021-10-06T12:44:02Z,Insert,1.0,142.75,Sell
702,2021-10-06T12:44:20.128Z,Update,2.0,143.00,Buy
703,2021-10-06T12:46:54Z,Insert,1.0,143.00,Sell
704,2021-10-06T12:47:37.313Z,Update,1.0,142.50,Sell
705,2021-10-06T12:47:43Z,Insert,1.0,142.00,Sell
706,2021-10-06T12:51:02.882Z,Update,1.0,142.00,Sell
707,2021-10-06T12:51:02.929Z,Update,1.0,142.00,Sell
708,2021-10-06T12:51:02.976Z,Update,1.0,142.00,Sell
709,2021-10-06T12:51:02Z,Insert,1.0,142.00,Sell
710,2021-10-06T12:51:34Z,Insert,1.0,142.00,Sell
711,2021-10-06T12:53:00.771Z,Update,1.0,141.75,Sell
712,2021-10-06T12:53:12.36Z,Insert,2.0,141.75,Sell
713,2021-10-06T12:53:12.36Z,Insert,2.0,141.75,Sell
714,2021-10-06T12:53:18.753Z,Insert,3.0,141.80,Sell
715,2021-10-06T12:53:20.39Z,Update,1.0,142.05,Sell
716,2021-10-06T12:54:17Z,Insert,4.0,142.00,Sell
717,2021-10-06T12:54:21Z,Insert,1.0,142.00,Sell
718,2021-10-06T12:55:30.671Z,Update,1.0,141.65,Sell
719,2021-10-06T12:58:19.363Z,Update,1.0,141.00,Sell
720,2021-10-06T12:59:00Z,Update,1.0,141.00,Buy
721,2021-10-06T12:59:25.849Z,Insert,1.0,141.00,Sell
722,2021-10-06T13:00:00Z,Update,1.0,140.50,Sell
723,2021-10-06T13:00:11.144Z,Update,2.0,140.50,Sell
724,2021-10-06T13:00:19.93Z,Update,1.0,140.65,Sell
725,2021-10-06T13:00:41Z,Insert,1.0,140.50,Sell
726,2021-10-06T13:00:55Z,Insert,1.0,140.50,Sell
727,2021-10-06T13:03:08Z,Insert,1.0,140.50,Sell
728,2021-10-06T13:03:29.712Z,Insert,25.0,140.75,Sell
729,2021-10-06T13:03:29.712Z,Insert,15.0,137.00,Buy
730,2021-10-06T13:03:29.712Z,Update,100.0,140.75,Buy
731,2021-10-06T13:03:29.712Z,Update,25.0,140.75,Sell
732,2021-10-06T13:03:29.712Z,Insert,100.0,140.75,Buy
733,2021-10-06T13:04:13.241Z,Update,5.0,140.50,Sell
734,2021-10-06T13:05:24.028Z,Update,1.0,140.50,Buy
735,2021-10-06T13:05:51Z,Insert,1.0,140.00,Sell
736,2021-10-06T13:06:11.819Z,Update,5.0,140.00,Sell
737,2021-10-06T13:06:12.41Z,Update,1.0,140.30,Sell
738,2021-10-06T13:06:24.579Z,Update,1.0,140.00,Buy
739,2021-10-06T13:07:27Z,Insert,1.0,139.75,Sell
740,2021-10-06T13:09:00Z,Update,2.0,140.00,Sell
741,2021-10-06T13:09:00Z,Insert,2.0,140.00,Sell
742,2021-10-06T13:09:00Z,Update,2.0,140.00,Buy
743,2021-10-06T13:09:26.476Z,Update,1.0,140.00,Sell
744,2021-10-06T13:09:30Z,Insert,1.0,140.00,Sell
745,2021-10-06T13:09:31.271Z,Update,1.0,140.00,Sell
746,2021-10-06T13:09:33.151Z,Update,1.0,140.00,Sell
747,2021-10-06T13:09:38.849Z,Update,1.0,139.95,Sell
748,2021-10-06T13:09:41Z,Insert,2.0,139.75,Sell
749,2021-10-06T13:09:54Z,Insert,1.0,139.75,Sell
750,2021-10-06T13:10:01Z,Insert,1.0,139.75,Sell
751,2021-10-06T13:10:09Z,Insert,3.0,139.50,Sell
752,2021-10-06T13:11:57Z,Insert,2.0,139.25,Sell
753,2021-10-06T13:11:59Z,Insert,1.0,139.00,Sell
754,2021-10-06T13:12:04Z,Insert,1.0,139.00,Sell
755,2021-10-06T13:12:34Z,Insert,1.0,139.00,Sell
756,2021-10-06T13:12:58Z,Insert,1.0,138.50,Sell
757,2021-10-06T13:13:26Z,Insert,1.0,138.50,Sell
758,2021-10-06T13:13:28.332Z,Update,1.0,138.50,Sell
759,2021-10-06T13:13:42.488Z,Update,1.0,137.00,Sell
760,2021-10-06T13:14:00.582Z,Update,2.0,137.00,Sell
761,2021-10-06T13:14:02.636Z,Update,1.0,138.00,Sell
762,2021-10-06T13:14:04Z,Insert,1.0,138.00,Sell
763,2021-10-06T13:14:06.795Z,Update,1.0,138.00,Sell
764,2021-10-06T13:14:07.78Z,Update,1.0,138.00,Sell
765,2021-10-06T13:14:10.472Z,Update,1.0,138.00,Sell
766,2021-10-06T13:14:10.739Z,Update,1.0,138.00,Sell
767,2021-10-06T13:14:18.618Z,Insert,2.0,137.50,Sell
768,2021-10-06T13:14:23Z,Insert,1.0,136.90,Sell
769,2021-10-06T13:16:02Z,Insert,2.0,137.01,Sell
770,2021-10-06T13:16:22.24Z,Update,2.0,137.00,Sell
771,2021-10-06T13:16:24Z,Insert,1.0,137.00,Sell
772,2021-10-06T13:16:58Z,Insert,1.0,136.75,Sell
773,2021-10-06T13:17:03Z,Insert,1.0,136.69,Sell
774,2021-10-06T13:17:45Z,Insert,1.0,136.80,Sell
775,2021-10-06T13:17:56Z,Insert,1.0,136.75,Sell
776,2021-10-06T13:18:57Z,Insert,1.0,136.80,Sell
777,2021-10-06T13:19:39Z,Insert,1.0,137.00,Sell
778,2021-10-06T13:20:15Z,Insert,1.0,137.00,Sell
779,2021-10-06T13:21:12Z,Insert,1.0,137.00,Sell
780,2021-10-06T13:21:17Z,Insert,1.0,137.00,Sell
781,2021-10-06T13:21:24Z,Insert,5.0,137.00,Sell
782,2021-10-06T13:21:31.714Z,Insert,1.0,137.10,Sell
783,2021-10-06T13:21:33Z,Insert,1.0,137.00,Sell
784,2021-10-06T13:21:47Z,Insert,1.0,136.80,Sell
785,2021-10-06T13:21:56.743Z,Update,1.0,137.00,Sell
786,2021-10-06T13:21:58.657Z,Update,1.0,137.00,Sell
787,2021-10-06T13:22:02.373Z,Insert,1.0,137.00,Buy
788,2021-10-06T13:22:02.373Z,Insert,1.0,137.00,Buy
789,2021-10-06T13:22:11.397Z,Update,1.0,137.00,Sell
790,2021-10-06T13:22:14.98Z,Update,1.0,137.00,Sell
791,2021-10-06T13:22:17.812Z,Update,1.0,137.00,Sell
792,2021-10-06T13:23:00Z,Update,15.0,137.00,Sell
793,2021-10-06T13:23:00Z,Update,15.0,137.00,Sell
794,2021-10-06T13:23:25.779Z,Update,1.0,137.00,Buy
795,2021-10-06T13:23:56.939Z,Update,1.0,137.10,Sell
796,2021-10-06T13:24:19Z,Insert,1.0,137.00,Sell
797,2021-10-06T13:24:20.055Z,Update,1.0,137.00,Buy
798,2021-10-06T13:24:38Z,Insert,5.0,137.25,Sell
799,2021-10-06T13:24:42.622Z,Update,1.0,137.25,Buy
800,2021-10-06T13:25:02.942Z,Update,1.0,137.25,Buy
801,2021-10-06T13:25:07Z,Insert,2.0,137.01,Sell
802,2021-10-06T13:26:22Z,Insert,1.0,137.25,Sell
803,2021-10-06T13:26:25Z,Insert,1.0,137.25,Sell
804,2021-10-06T13:26:28Z,Insert,1.0,137.25,Sell
805,2021-10-06T13:26:32Z,Insert,1.0,137.25,Sell
806,2021-10-06T13:26:34Z,Insert,1.0,137.25,Sell
807,2021-10-06T13:27:00Z,Update,10.0,137.25,Sell
808,2021-10-06T13:27:00Z,Insert,10.0,137.25,Sell
809,2021-10-06T13:27:00Z,Insert,10.0,137.25,Sell
810,2021-10-06T13:27:03Z,Insert,1.0,137.25,Sell
811,2021-10-06T13:27:07Z,Insert,1.0,137.25,Sell
812,2021-10-06T13:27:13Z,Insert,1.0,137.25,Sell
813,2021-10-06T13:29:50Z,Insert,1.0,137.25,Sell
814,2021-10-06T13:30:52Z,Insert,1.0,137.25,Sell
815,2021-10-06T13:31:00Z,Insert,1.0,137.25,Sell
816,2021-10-06T13:32:00Z,Update,10.0,137.25,Sell
817,2021-10-06T13:32:11Z,Insert,1.0,137.25,Sell
818,2021-10-06T13:32:28Z,Insert,1.0,137.01,Sell
819,2021-10-06T13:32:31Z,Insert,2.0,137.01,Sell
820,2021-10-06T13:32:36.962Z,Update,1.0,137.00,Sell
821,2021-10-06T13:32:49.485Z,Update,1.0,137.00,Sell
822,2021-10-06T13:32:52Z,Insert,1.0,137.00,Sell
823,2021-10-06T13:32:55.255Z,Update,1.0,137.00,Sell
824,2021-10-06T13:32:56.865Z,Update,1.0,137.00,Sell
825,2021-10-06T13:32:58.929Z,Update,1.0,137.00,Sell
826,2021-10-06T13:34:40Z,Insert,1.0,136.50,Sell
827,2021-10-06T13:35:37Z,Insert,1.0,135.00,Sell
828,2021-10-06T13:35:46.089Z,Update,1.0,136.00,Sell
829,2021-10-06T13:35:48Z,Insert,1.0,135.00,Sell
830,2021-10-06T13:35:51Z,Insert,1.0,135.00,Sell
831,2021-10-06T13:36:05Z,Insert,1.0,135.00,Sell
832,2021-10-06T13:36:48Z,Insert,6.0,135.00,Sell
833,2021-10-06T13:38:01Z,Insert,1.0,136.00,Sell
834,2021-10-06T13:38:06Z,Insert,1.0,136.10,Sell
835,2021-10-06T13:38:08Z,Insert,1.0,136.20,Sell
836,2021-10-06T13:38:14Z,Insert,1.0,136.30,Sell
837,2021-10-06T13:38:20Z,Insert,1.0,136.40,Sell
838,2021-10-06T13:39:00Z,Insert,1.0,135.50,Sell
839,2021-10-06T13:39:27Z,Insert,3.0,135.00,Sell
840,2021-10-06T13:40:42Z,Insert,2.0,135.00,Sell
841,2021-10-06T13:40:48.933Z,Insert,7.0,135.00,Sell
842,2021-10-06T13:43:23Z,Insert,1.0,134.08,Sell
843,2021-10-06T13:43:23Z,Insert,1.0,134.00,Sell
844,2021-10-06T13:43:35Z,Insert,1.0,133.33,Sell
845,2021-10-06T13:43:44Z,Insert,1.0,133.10,Sell
846,2021-10-06T13:43:45Z,Insert,1.0,133.00,Sell
847,2021-10-06T13:43:51Z,Insert,1.0,133.00,Sell
848,2021-10-06T13:43:54Z,Insert,5.0,132.00,Sell
849,2021-10-06T13:44:45Z,Insert,1.0,134.00,Sell
850,2021-10-06T13:45:32Z,Insert,1.0,134.00,Sell
851,2021-10-06T13:45:34Z,Insert,1.0,134.00,Sell
852,2021-10-06T13:45:37Z,Insert,1.0,134.00,Sell
853,2021-10-06T13:45:40Z,Insert,1.0,134.00,Sell
854,2021-10-06T13:47:28Z,Insert,1.0,135.00,Sell
855,2021-10-06T13:47:44.016Z,Update,1.0,135.00,Buy
856,2021-10-06T13:48:23Z,Insert,1.0,134.68,Sell
857,2021-10-06T13:48:40Z,Insert,1.0,135.00,Sell
858,2021-10-06T13:48:46Z,Insert,4.0,135.00,Sell
859,2021-10-06T13:48:48.382Z,Update,5.0,135.00,Buy
860,2021-10-06T13:51:23.709Z,Update,1.0,136.00,Sell
861,2021-10-06T13:51:38Z,Update,5.0,136.00,Sell
862,2021-10-06T13:51:38Z,Update,5.0,136.00,Sell
863,2021-10-06T13:51:39.393Z,Update,1.0,136.00,Sell
864,2021-10-06T13:53:02.742Z,Update,1.0,135.50,Sell
865,2021-10-06T13:53:28.333Z,Insert,1.0,136.00,Buy
866,2021-10-06T13:55:00Z,Insert,3.0,140.00,Buy
867,2021-10-06T13:55:00Z,Insert,3.0,140.00,Buy
868,2021-10-06T13:56:50Z,Insert,3.0,137.75,Sell
869,2021-10-06T13:57:03Z,Insert,1.0,137.75,Sell
870,2021-10-06T13:58:47Z,Insert,1.0,138.50,Sell
871,2021-10-06T13:59:48Z,Update,2.0,138.50,Sell
872,2021-10-06T14:00:49Z,Insert,1.0,139.90,Sell
873,2021-10-06T14:00:52.857Z,Insert,1.0,139.00,Sell
874,2021-10-06T14:00:52.857Z,Insert,1.0,139.00,Sell
875,2021-10-06T14:00:52.857Z,Update,1.0,139.010,Sell
876,2021-10-06T14:00:54.043Z,Insert,1.0,139.00,Sell
877,2021-10-06T14:00:54.043Z,Insert,1.0,139.00,Sell
878,2021-10-06T14:01:25Z,Insert,1.0,139.39,Sell
879,2021-10-06T14:01:28Z,Insert,1.0,139.45,Sell
880,2021-10-06T14:01:28Z,Insert,1.0,139.45,Sell
881,2021-10-06T14:01:50Z,Insert,1.0,139.50,Sell
882,2021-10-06T14:02:45.169Z,Update,5.0,139.10,Buy
883,2021-10-06T14:03:03Z,Insert,1.0,139.10,Sell
884,2021-10-06T14:03:48.162Z,Update,1.0,139.50,Sell
885,2021-10-06T14:04:40Z,Insert,2.0,140.00,Sell
886,2021-10-06T14:05:40Z,Update,5.0,139.50,Sell
887,2021-10-06T14:05:54.726Z,Update,3.0,140.00,Sell
888,2021-10-06T14:06:01Z,Update,5.0,139.50,Sell
889,2021-10-06T14:09:39Z,Insert,1.0,140.00,Sell
890,2021-10-06T14:11:18.061Z,Update,1.0,140.00,Sell
891,2021-10-06T14:11:18Z,Update,1.0,140.00,Sell
892,2021-10-06T14:17:07Z,Insert,1.0,140.00,Sell
893,2021-10-06T14:18:23.679Z,Insert,4.0,139.50,Buy
894,2021-10-06T14:18:26.893Z,Update,2.0,139.50,Sell
895,2021-10-06T14:18:48.367Z,Update,1.0,139.50,Sell
896,2021-10-06T14:18:50.889Z,Update,1.0,139.50,Sell
897,2021-10-06T14:19:52Z,Insert,1.0,140.00,Sell
898,2021-10-06T14:20:00Z,Insert,4.0,139.50,Buy
899,2021-10-06T14:21:00Z,Update,4.0,139.50,Sell
900,2021-10-06T14:23:04.076Z,Update,1.0,140.00,Sell
901,2021-10-06T14:25:00Z,Insert,10.0,140.00,Sell
902,2021-10-06T14:25:00Z,Insert,10.0,140.00,Sell
903,2021-10-06T14:27:00Z,Update,10.0,140.00,Sell
904,2021-10-06T14:30:00Z,Insert,4.0,142.00,Sell
905,2021-10-06T14:30:00Z,Insert,4.0,142.00,Sell
906,2021-10-06T14:30:37Z,Insert,2.0,141.50,Sell
907,2021-10-06T14:36:40.551Z,Update,1.0,142.500,Buy
908,2021-10-06T14:37:01.942Z,Update,1.0,142.50,Sell
909,2021-10-06T14:42:10.727Z,Update,1.0,142.00,Sell
910,2021-10-06T14:44:59.089Z,Insert,1.0,142.75,Buy
911,2021-10-06T14:47:25.261Z,Update,1.0,143.50,Buy
912,2021-10-06T14:47:28.053Z,Update,1.0,143.50,Buy
913,2021-10-06T14:48:05.623Z,Update,1.0,144.00,Sell
914,2021-10-06T14:50:31Z,Insert,2.0,144.00,Sell
915,2021-10-06T14:50:35.653Z,Insert,2.0,144.00,Buy
916,2021-10-06T14:50:35.653Z,Insert,2.0,144.00,Buy
917,2021-10-06T14:51:20.415Z,Update,1.0,144.25,Buy
918,2021-10-06T14:52:30Z,Insert,1.0,145.00,Sell
919,2021-10-06T14:52:50.415Z,Update,2.0,145.00,Buy
920,2021-10-06T14:52:54Z,Insert,1.0,145.00,Sell
921,2021-10-06T14:55:30Z,Insert,4.0,145.00,Sell
922,2021-10-06T14:55:43Z,Insert,1.0,145.00,Sell
923,2021-10-06T14:56:13Z,Insert,2.0,145.00,Sell
924,2021-10-06T14:56:31Z,Insert,2.0,145.00,Sell
925,2021-10-06T14:56:52.446Z,Update,1.0,145.00,Sell
926,2021-10-06T14:56:59Z,Insert,1.0,145.00,Sell
927,2021-10-06T14:57:03Z,Insert,1.0,145.00,Sell
928,2021-10-06T14:57:17Z,Insert,1.0,145.00,Sell
929,2021-10-06T14:58:52.729Z,Update,6.0,144.00,Sell
930,2021-10-06T14:59:29.754Z,Update,1.0,142.00,Sell
931,2021-10-06T15:01:27.928Z,Update,1.0,142.00,Buy
932,2021-10-06T15:01:28.027Z,Update,1.0,142.00,Sell
933,2021-10-06T15:05:24Z,Insert,1.0,141.00,Sell
934,2021-10-06T15:05:48.403Z,Update,1.0,140.75,Sell
935,2021-10-06T15:05:56.567Z,Update,5.0,140.50,Sell
936,2021-10-06T15:06:01Z,Insert,1.0,140.00,Sell
937,2021-10-06T15:06:48Z,Insert,1.0,140.00,Sell
938,2021-10-06T15:07:20Z,Insert,2.0,139.75,Sell
939,2021-10-06T15:13:04.189Z,Insert,5.0,141.00,Sell
940,2021-10-06T15:13:04.189Z,Insert,5.0,141.00,Buy
941,2021-10-06T15:15:05Z,Insert,1.0,141.50,Sell
942,2021-10-06T15:15:07.553Z,Update,1.0,141.50,Buy
943,2021-10-06T15:15:07Z,Insert,1.0,141.50,Buy
944,2021-10-06T15:15:44Z,Insert,4.0,141.50,Sell
945,2021-10-06T15:15:48Z,Insert,1.0,141.50,Sell
946,2021-10-06T15:15:51.6Z,Update,1.0,141.50,Sell
947,2021-10-06T15:15:59Z,Insert,1.0,141.50,Sell
948,2021-10-06T15:17:44.845Z,Update,1.0,141.55,Sell
949,2021-10-06T15:19:31.978Z,Update,1.0,142.00,Buy
950,2021-10-06T15:23:02Z,Insert,1.0,142.00,Sell
951,2021-10-06T15:23:26Z,Insert,1.0,142.00,Sell
952,2021-10-06T15:26:25.909Z,Update,1.0,142.00,Sell
953,2021-10-06T15:26:34Z,Insert,1.0,141.50,Sell
954,2021-10-06T15:26:39Z,Insert,1.0,141.50,Sell
955,2021-10-06T15:31:19.253Z,Update,3.0,141.50,Buy
956,2021-10-06T15:35:00Z,Insert,20.0,140.25,Sell
957,2021-10-06T15:35:00Z,Insert,20.0,140.25,Sell
958,2021-10-06T15:35:00Z,Update,20.0,140.25,Sell
959,2021-10-06T15:35:25Z,Insert,1.0,140.00,Sell
960,2021-10-06T15:36:34Z,Insert,1.0,140.00,Sell
961,2021-10-06T15:38:14.574Z,Update,1.0,140.75,Buy
962,2021-10-06T15:39:05Z,Insert,1.0,140.00,Sell
963,2021-10-06T15:39:11.576Z,Update,2.0,140.00,Sell
964,2021-10-06T15:39:21.623Z,Update,3.0,140.00,Sell
965,2021-10-06T15:39:22.769Z,Update,1.0,140.00,Buy
966,2021-10-06T15:39:25Z,Insert,1.0,140.00,Sell
967,2021-10-06T15:39:25Z,Insert,1.0,140.00,Sell
968,2021-10-06T15:39:47.565Z,Insert,1.0,140.00,Sell
969,2021-10-06T15:45:04.09Z,Insert,4.0,140.00,Buy
970,2021-10-06T15:45:04.09Z,Insert,4.0,140.00,Sell
971,2021-10-06T15:50:20Z,Insert,1.0,140.00,Sell
972,2021-10-06T15:50:48Z,Insert,1.0,140.00,Sell
973,2021-10-06T15:50:51Z,Insert,1.0,140.00,Sell
974,2021-10-06T15:50:52Z,Insert,1.0,140.00,Sell
975,2021-10-06T15:50:52Z,Insert,1.0,140.00,Sell
976,2021-10-06T15:50:52Z,Insert,1.0,140.00,Sell
977,2021-10-06T15:52:25Z,Insert,1.0,140.00,Sell
978,2021-10-06T15:54:00Z,Insert,1.0,140.00,Sell
979,2021-10-06T15:59:17Z,Insert,2.0,140.50,Sell
980,2021-10-06T15:59:33Z,Insert,1.0,140.50,Sell
981,2021-10-06T15:59:38Z,Insert,1.0,140.50,Sell
982,2021-10-06T15:59:40Z,Insert,1.0,140.50,Sell
