,DateTime,Action,Volume,Price,AggressorAction
0,2021-10-05T06:00:46.771Z,Update,2.0,142.50,Buy
1,2021-10-05T06:07:04Z,Insert,3.0,144.15,Sell
2,2021-10-05T06:12:21Z,Insert,1.0,144.46,Sell
3,2021-10-05T06:12:21Z,Insert,1.0,144.46,Sell
4,2021-10-05T06:12:21Z,Insert,1.0,144.46,Sell
5,2021-10-05T06:12:21Z,Insert,2.0,144.46,Sell
6,2021-10-05T06:12:29Z,Insert,1.0,144.83,Sell
7,2021-10-05T06:12:31Z,Insert,1.0,144.83,Sell
8,2021-10-05T06:12:34Z,Insert,1.0,145.00,Sell
9,2021-10-05T06:20:43.835Z,Update,1.0,147.00,Sell
10,2021-10-05T06:20:43.835Z,Update,1.0,147.00,Sell
11,2021-10-05T06:22:03Z,Insert,1.0,147.00,Sell
12,2021-10-05T06:22:51Z,Insert,1.0,146.00,Sell
13,2021-10-05T06:26:47Z,Insert,1.0,146.00,Sell
14,2021-10-05T06:26:51Z,Insert,1.0,146.37,Sell
15,2021-10-05T06:28:46Z,Insert,1.0,146.35,Sell
16,2021-10-05T06:29:48Z,Insert,1.0,146.35,Sell
17,2021-10-05T06:30:15Z,Insert,1.0,145.50,Sell
18,2021-10-05T06:30:23Z,Insert,1.0,145.00,Sell
19,2021-10-05T06:30:26.024Z,Update,1.0,145.05,Sell
20,2021-10-05T06:30:30.935Z,Update,1.0,145.00,Sell
21,2021-10-05T06:35:48.247Z,Update,1.0,145.500,Sell
22,2021-10-05T06:36:22.038Z,Update,3.0,145.75,Sell
23,2021-10-05T06:36:28Z,Insert,5.0,146.00,Sell
24,2021-10-05T06:42:14.192Z,Update,2.0,146.00,Sell
25,2021-10-05T06:42:14Z,Insert,3.0,146.00,Buy
26,2021-10-05T06:44:37Z,Insert,1.0,146.10,Sell
27,2021-10-05T06:50:09.138Z,Update,2.0,146.00,Sell
28,2021-10-05T06:50:12.17Z,Update,2.0,146.00,Buy
29,2021-10-05T06:51:11Z,Insert,1.0,146.00,Sell
30,2021-10-05T06:51:19Z,Insert,1.0,146.00,Sell
31,2021-10-05T06:52:32.102Z,Update,2.0,145.50,Sell
32,2021-10-05T06:52:33.274Z,Update,1.0,145.50,Sell
33,2021-10-05T06:54:02.645Z,Update,1.0,145.10,Sell
34,2021-10-05T06:54:02Z,Insert,1.0,145.00,Sell
35,2021-10-05T06:59:09Z,Insert,1.0,145.35,Sell
36,2021-10-05T07:00:21Z,Insert,1.0,145.45,Sell
37,2021-10-05T07:01:06.92Z,Update,1.0,145.75,Buy
38,2021-10-05T07:01:34.348Z,Update,1.0,146.00,Buy
39,2021-10-05T07:01:34Z,Insert,1.0,146.00,Sell
40,2021-10-05T07:03:13Z,Insert,1.0,146.00,Sell
41,2021-10-05T07:03:44.677Z,Update,1.0,146.40,Sell
42,2021-10-05T07:04:34.442Z,Update,2.0,147.00,Sell
43,2021-10-05T07:10:15Z,Insert,1.0,147.00,Sell
44,2021-10-05T07:13:39Z,Insert,1.0,147.50,Sell
45,2021-10-05T07:14:30Z,Insert,1.0,148.00,Sell
46,2021-10-05T07:16:54Z,Insert,1.0,148.50,Sell
47,2021-10-05T07:17:23Z,Insert,1.0,148.50,Sell
48,2021-10-05T07:17:31Z,Insert,5.0,148.75,Sell
49,2021-10-05T07:17:46Z,Insert,1.0,148.75,Sell
50,2021-10-05T07:17:59Z,Insert,1.0,148.90,Sell
51,2021-10-05T07:18:03.232Z,Update,2.0,148.95,Buy
52,2021-10-05T07:28:25Z,Insert,1.0,148.00,Sell
53,2021-10-05T07:28:30.012Z,Update,3.0,148.25,Sell
54,2021-10-05T07:28:33Z,Insert,4.0,148.00,Sell
55,2021-10-05T07:32:06.292Z,Update,1.0,148.35,Sell
56,2021-10-05T07:33:09.739Z,Update,2.0,148.50,Buy
57,2021-10-05T07:33:14Z,Insert,1.0,148.30,Sell
58,2021-10-05T07:33:14Z,Insert,1.0,148.30,Sell
59,2021-10-05T07:33:18Z,Insert,1.0,148.30,Sell
60,2021-10-05T07:33:20Z,Insert,1.0,148.30,Sell
61,2021-10-05T07:33:24Z,Insert,1.0,148.30,Sell
62,2021-10-05T07:33:25Z,Insert,1.0,148.30,Sell
63,2021-10-05T07:34:17Z,Insert,1.0,149.25,Sell
64,2021-10-05T07:34:19.447Z,Update,1.0,149.35,Sell
65,2021-10-05T07:35:41Z,Insert,1.0,149.35,Sell
66,2021-10-05T07:35:43Z,Insert,3.0,149.40,Sell
67,2021-10-05T07:39:07Z,Insert,1.0,149.20,Sell
68,2021-10-05T07:46:20Z,Insert,4.0,149.20,Sell
69,2021-10-05T07:46:23Z,Insert,5.0,149.25,Sell
70,2021-10-05T07:55:47Z,Insert,1.0,149.50,Sell
71,2021-10-05T07:55:50Z,Insert,1.0,149.25,Sell
72,2021-10-05T07:55:54Z,Insert,1.0,149.20,Sell
73,2021-10-05T07:57:29.733Z,Insert,2.0,149.25,Buy
74,2021-10-05T07:57:29.733Z,Insert,2.0,149.25,Buy
75,2021-10-05T07:58:21Z,Insert,1.0,149.25,Sell
76,2021-10-05T08:00:58.86Z,Update,1.0,149.25,Sell
77,2021-10-05T08:02:02.236Z,Update,1.0,149.75,Buy
78,2021-10-05T08:02:13.142Z,Update,1.0,149.90,Buy
79,2021-10-05T08:02:17.029Z,Update,2.0,149.75,Buy
80,2021-10-05T08:02:43.703Z,Update,1.0,150.00,Sell
81,2021-10-05T08:02:44.995Z,Update,2.0,150.00,Buy
82,2021-10-05T08:02:45.55Z,Update,1.0,150.00,Buy
83,2021-10-05T08:02:45.972Z,Update,1.0,150.00,Buy
84,2021-10-05T08:02:46.566Z,Update,1.0,150.00,Buy
85,2021-10-05T08:02:46.67Z,Update,1.0,150.00,Buy
86,2021-10-05T08:02:49.505Z,Update,1.0,150.00,Buy
87,2021-10-05T08:02:49.63Z,Update,1.0,150.00,Buy
88,2021-10-05T08:02:50.208Z,Update,1.0,150.00,Buy
89,2021-10-05T08:02:50.583Z,Update,1.0,150.00,Sell
90,2021-10-05T08:02:52.694Z,Update,1.0,150.00,Buy
91,2021-10-05T08:02:54.866Z,Update,1.0,150.00,Buy
92,2021-10-05T08:02:56.265Z,Update,2.0,150.00,Sell
93,2021-10-05T08:03:01.993Z,Update,1.0,150.00,Buy
94,2021-10-05T08:03:02.024Z,Update,1.0,150.00,Sell
95,2021-10-05T08:03:02Z,Update,1.0,150.00,Sell
96,2021-10-05T08:03:02Z,Update,4.0,150.00,Sell
97,2021-10-05T08:03:02Z,Update,5.0,150.00,Sell
98,2021-10-05T08:03:21Z,Insert,1.0,150.20,Sell
99,2021-10-05T08:03:43Z,Insert,2.0,150.50,Sell
100,2021-10-05T08:04:01Z,Insert,1.0,150.53,Sell
101,2021-10-05T08:05:05Z,Insert,1.0,150.55,Sell
102,2021-10-05T08:05:30Z,Insert,1.0,151.00,Sell
103,2021-10-05T08:05:41Z,Insert,2.0,150.55,Sell
104,2021-10-05T08:05:45.133Z,Update,1.0,150.50,Sell
105,2021-10-05T08:06:31Z,Insert,1.0,150.10,Sell
106,2021-10-05T08:06:37Z,Insert,1.0,150.00,Sell
107,2021-10-05T08:06:40Z,Insert,1.0,150.00,Sell
108,2021-10-05T08:07:19Z,Insert,1.0,149.75,Sell
109,2021-10-05T08:07:23.946Z,Update,5.0,150.00,Sell
110,2021-10-05T08:10:07.3Z,Update,1.0,150.50,Buy
111,2021-10-05T08:12:33.541Z,Update,5.0,150.35,Sell
112,2021-10-05T08:13:11.686Z,Update,1.0,150.25,Buy
113,2021-10-05T08:13:23.34Z,Update,2.0,150.50,Buy
114,2021-10-05T08:13:24Z,Insert,1.0,150.50,Sell
115,2021-10-05T08:13:26.101Z,Update,2.0,150.50,Buy
116,2021-10-05T08:13:31.208Z,Update,6.0,150.50,Sell
117,2021-10-05T08:14:14Z,Insert,1.0,150.75,Sell
118,2021-10-05T08:14:18Z,Insert,1.0,150.75,Sell
119,2021-10-05T08:15:31Z,Insert,5.0,150.90,Sell
120,2021-10-05T08:15:57Z,Insert,1.0,151.00,Sell
121,2021-10-05T08:16:00Z,Insert,1.0,151.00,Sell
122,2021-10-05T08:16:19Z,Insert,1.0,151.00,Sell
123,2021-10-05T08:16:21Z,Insert,2.0,151.00,Sell
124,2021-10-05T08:16:24Z,Insert,1.0,151.00,Sell
125,2021-10-05T08:16:38.099Z,Update,1.0,150.00,Sell
126,2021-10-05T08:16:38.099Z,Insert,1.0,150.00,Buy
127,2021-10-05T08:16:38.114Z,Update,1.0,150.00,Buy
128,2021-10-05T08:16:38.114Z,Insert,1.0,150.00,Sell
129,2021-10-05T08:17:39.13Z,Update,5.0,150.50,Sell
130,2021-10-05T08:18:56Z,Insert,1.0,151.00,Sell
131,2021-10-05T08:19:25Z,Insert,1.0,152.90,Sell
132,2021-10-05T08:19:39.359Z,Update,5.0,151.40,Buy
133,2021-10-05T08:20:48Z,Insert,3.0,152.75,Sell
134,2021-10-05T08:26:00.793Z,Update,1.0,152.750,Sell
135,2021-10-05T08:26:17Z,Insert,1.0,152.90,Sell
136,2021-10-05T08:27:29.383Z,Update,1.0,152.50,Buy
137,2021-10-05T08:27:38.048Z,Update,1.0,152.50,Buy
138,2021-10-05T08:28:00Z,Insert,1.0,153.00,Sell
139,2021-10-05T08:28:03Z,Insert,1.0,153.00,Sell
140,2021-10-05T08:28:05Z,Insert,1.0,153.00,Sell
141,2021-10-05T08:28:06Z,Insert,1.0,153.00,Sell
142,2021-10-05T08:28:13Z,Insert,1.0,153.25,Sell
143,2021-10-05T08:28:28Z,Insert,1.0,153.50,Sell
144,2021-10-05T08:28:33Z,Insert,1.0,154.25,Sell
145,2021-10-05T08:28:34.522Z,Update,1.0,154.65,Sell
146,2021-10-05T08:28:36.35Z,Update,1.0,154.65,Sell
147,2021-10-05T08:29:17Z,Insert,1.0,154.25,Sell
148,2021-10-05T08:29:20Z,Insert,1.0,154.25,Sell
149,2021-10-05T08:29:20Z,Insert,1.0,154.25,Sell
150,2021-10-05T08:30:11.371Z,Update,1.0,154.25,Sell
151,2021-10-05T08:30:15Z,Insert,1.0,154.00,Sell
152,2021-10-05T08:30:54Z,Insert,1.0,153.50,Sell
153,2021-10-05T08:31:15Z,Update,1.0,154.25,Sell
154,2021-10-05T08:33:02Z,Insert,2.0,153.50,Sell
155,2021-10-05T08:33:04Z,Insert,1.0,153.50,Sell
156,2021-10-05T08:36:10Z,Insert,1.0,154.00,Sell
157,2021-10-05T08:36:17.139Z,Update,1.0,154.00,Buy
158,2021-10-05T08:36:52.115Z,Update,4.0,154.00,Buy
159,2021-10-05T08:37:32.659Z,Update,2.0,153.50,Sell
160,2021-10-05T08:38:09.683Z,Update,5.0,154.00,Buy
161,2021-10-05T08:38:15.9Z,Update,4.0,154.00,Buy
162,2021-10-05T08:38:21.863Z,Update,1.0,154.00,Sell
163,2021-10-05T08:40:31.632Z,Insert,5.0,154.00,Sell
164,2021-10-05T08:41:01.541Z,Update,1.0,154.00,Buy
165,2021-10-05T08:42:49Z,Insert,1.0,153.50,Sell
166,2021-10-05T08:43:03.345Z,Update,1.0,154.00,Sell
167,2021-10-05T08:43:06Z,Insert,1.0,153.50,Sell
168,2021-10-05T08:44:29.49Z,Update,1.0,153.50,Sell
169,2021-10-05T08:44:31.965Z,Update,2.0,153.50,Sell
170,2021-10-05T08:44:46.488Z,Update,1.0,153.50,Sell
171,2021-10-05T08:45:46Z,Insert,1.0,153.50,Sell
172,2021-10-05T08:45:52Z,Insert,1.0,153.50,Sell
173,2021-10-05T08:46:50.594Z,Update,1.0,153.50,Buy
174,2021-10-05T08:47:32Z,Insert,1.0,153.00,Sell
175,2021-10-05T08:47:50.312Z,Update,1.0,153.00,Sell
176,2021-10-05T08:50:38Z,Insert,1.0,152.85,Sell
177,2021-10-05T08:50:41Z,Insert,1.0,152.75,Sell
178,2021-10-05T08:51:06Z,Insert,1.0,153.00,Sell
179,2021-10-05T08:51:09.201Z,Update,1.0,153.00,Buy
180,2021-10-05T08:52:13Z,Insert,1.0,153.05,Sell
181,2021-10-05T08:52:17.288Z,Update,1.0,153.00,Buy
182,2021-10-05T08:53:37.216Z,Update,1.0,153.05,Buy
183,2021-10-05T08:53:59.247Z,Update,1.0,153.10,Buy
184,2021-10-05T08:54:29.888Z,Update,1.0,153.10,Buy
185,2021-10-05T08:55:00Z,Update,1.0,153.50,Sell
186,2021-10-05T08:56:32.887Z,Update,1.0,153.10,Buy
187,2021-10-05T08:56:36Z,Insert,1.0,153.15,Sell
188,2021-10-05T08:56:39.496Z,Update,1.0,153.15,Buy
189,2021-10-05T08:58:25Z,Insert,1.0,153.00,Sell
190,2021-10-05T08:58:42Z,Insert,1.0,153.00,Sell
191,2021-10-05T08:59:37Z,Insert,1.0,153.00,Sell
192,2021-10-05T09:00:11Z,Insert,1.0,153.00,Sell
193,2021-10-05T09:00:30Z,Insert,1.0,153.00,Sell
194,2021-10-05T09:00:32.526Z,Update,1.0,153.00,Sell
195,2021-10-05T09:03:50Z,Insert,1.0,152.75,Sell
196,2021-10-05T09:04:18Z,Insert,2.0,152.80,Sell
197,2021-10-05T09:05:00Z,Update,5.0,154.00,Sell
198,2021-10-05T09:06:42Z,Insert,4.0,153.00,Sell
199,2021-10-05T09:10:33Z,Insert,1.0,153.19,Sell
200,2021-10-05T09:10:35Z,Insert,5.0,153.20,Sell
201,2021-10-05T09:10:38.468Z,Update,1.0,153.25,Buy
202,2021-10-05T09:10:45Z,Insert,1.0,153.29,Sell
203,2021-10-05T09:11:11Z,Insert,3.0,153.35,Sell
204,2021-10-05T09:11:18Z,Insert,1.0,153.35,Sell
205,2021-10-05T09:11:19Z,Insert,1.0,153.35,Sell
206,2021-10-05T09:11:52.757Z,Update,1.0,153.50,Sell
207,2021-10-05T09:11:59Z,Insert,1.0,153.50,Sell
208,2021-10-05T09:12:10Z,Insert,1.0,153.50,Sell
209,2021-10-05T09:12:28Z,Insert,1.0,153.90,Sell
210,2021-10-05T09:12:30.788Z,Update,1.0,153.99,Sell
211,2021-10-05T09:13:43.037Z,Update,1.0,153.99,Sell
212,2021-10-05T09:14:24Z,Insert,1.0,154.20,Sell
213,2021-10-05T09:14:26Z,Insert,1.0,154.20,Sell
214,2021-10-05T09:15:34.184Z,Update,1.0,154.20,Sell
215,2021-10-05T09:16:21Z,Insert,5.0,154.20,Sell
216,2021-10-05T09:16:21Z,Insert,1.0,154.20,Sell
217,2021-10-05T09:20:32.866Z,Update,2.0,154.00,Buy
218,2021-10-05T09:20:34.07Z,Update,1.0,154.00,Buy
219,2021-10-05T09:21:25Z,Insert,1.0,154.20,Sell
220,2021-10-05T09:21:27Z,Insert,1.0,154.20,Sell
221,2021-10-05T09:23:14Z,Insert,1.0,154.32,Sell
222,2021-10-05T09:24:52.404Z,Update,1.0,154.40,Buy
223,2021-10-05T09:24:52Z,Insert,1.0,154.35,Sell
224,2021-10-05T09:24:54Z,Insert,1.0,154.44,Sell
225,2021-10-05T09:24:54Z,Insert,1.0,154.39,Sell
226,2021-10-05T09:25:04.422Z,Update,1.0,154.46,Buy
227,2021-10-05T09:26:08.254Z,Update,1.0,154.35,Buy
228,2021-10-05T09:26:13Z,Insert,1.0,154.35,Sell
229,2021-10-05T09:26:14.988Z,Update,1.0,154.35,Buy
230,2021-10-05T09:26:17.488Z,Update,1.0,154.35,Buy
231,2021-10-05T09:27:09Z,Insert,1.0,154.10,Sell
232,2021-10-05T09:27:12Z,Insert,2.0,154.10,Sell
233,2021-10-05T09:28:19Z,Insert,1.0,154.20,Sell
234,2021-10-05T09:28:31.835Z,Update,10.0,154.25,Sell
235,2021-10-05T09:28:31.835Z,Update,10.0,154.24,Sell
236,2021-10-05T09:33:07.017Z,Update,1.0,154.00,Sell
237,2021-10-05T09:33:43.501Z,Update,1.0,154.00,Sell
238,2021-10-05T09:39:21.775Z,Update,1.0,154.00,Sell
239,2021-10-05T09:42:12Z,Insert,1.0,154.00,Sell
240,2021-10-05T09:42:49Z,Insert,1.0,154.00,Sell
241,2021-10-05T09:45:27.8Z,Update,1.0,154.15,Sell
242,2021-10-05T09:45:37Z,Insert,1.0,154.10,Sell
243,2021-10-05T09:45:53Z,Update,5.0,154.00,Sell
244,2021-10-05T09:47:57Z,Insert,5.0,153.80,Sell
245,2021-10-05T09:48:07Z,Insert,1.0,153.55,Sell
246,2021-10-05T09:49:04.726Z,Update,2.0,153.50,Sell
247,2021-10-05T09:50:59Z,Insert,2.0,153.20,Sell
248,2021-10-05T09:51:20Z,Insert,1.0,153.00,Sell
249,2021-10-05T09:51:47Z,Insert,2.0,152.75,Sell
250,2021-10-05T09:51:57.651Z,Update,1.0,152.50,Sell
251,2021-10-05T09:52:03.586Z,Update,1.0,152.50,Sell
252,2021-10-05T09:52:03.995Z,Update,1.0,152.50,Sell
253,2021-10-05T09:54:23.743Z,Update,1.0,153.00,Buy
254,2021-10-05T09:55:08Z,Insert,1.0,153.00,Sell
255,2021-10-05T10:01:07Z,Insert,1.0,153.50,Sell
256,2021-10-05T10:01:07Z,Insert,1.0,153.50,Sell
257,2021-10-05T10:04:22.2279887Z,Insert,1.0,153.50,Buy
258,2021-10-05T10:04:22Z,Insert,1.0,153.50,Buy
259,2021-10-05T10:04:43Z,Insert,1.0,153.25,Sell
260,2021-10-05T10:06:37.796Z,Update,1.0,153.75,Buy
261,2021-10-05T10:06:50.939Z,Update,1.0,153.75,Buy
262,2021-10-05T10:06:53Z,Insert,1.0,153.85,Sell
263,2021-10-05T10:07:16Z,Insert,1.0,153.85,Sell
264,2021-10-05T10:07:38.497Z,Update,3.0,153.75,Buy
265,2021-10-05T10:09:05Z,Insert,1.0,153.75,Sell
266,2021-10-05T10:09:16.124Z,Update,13.0,153.60,Buy
267,2021-10-05T10:11:22.319Z,Update,1.0,153.75,Buy
268,2021-10-05T10:11:35.307Z,Update,1.0,153.75,Buy
269,2021-10-05T10:11:37Z,Insert,1.0,153.75,Sell
270,2021-10-05T10:11:41.058Z,Update,1.0,153.75,Buy
271,2021-10-05T10:12:30.321Z,Update,1.0,153.60,Sell
272,2021-10-05T10:12:36.537Z,Update,1.0,153.60,Sell
273,2021-10-05T10:14:16.663Z,Update,1.0,153.70,Buy
274,2021-10-05T10:14:35Z,Insert,1.0,153.80,Sell
275,2021-10-05T10:17:03Z,Insert,1.0,153.75,Sell
276,2021-10-05T10:17:14Z,Insert,1.0,153.80,Sell
277,2021-10-05T10:17:14Z,Insert,2.0,153.80,Sell
278,2021-10-05T10:17:21Z,Insert,2.0,153.85,Sell
279,2021-10-05T10:17:27Z,Insert,1.0,153.85,Sell
280,2021-10-05T10:18:23Z,Insert,2.0,153.85,Sell
281,2021-10-05T10:18:59Z,Update,5.0,153.85,Sell
282,2021-10-05T10:18:59Z,Insert,5.0,153.85,Sell
283,2021-10-05T10:19:21Z,Insert,1.0,153.85,Sell
284,2021-10-05T10:19:29Z,Insert,1.0,153.88,Sell
285,2021-10-05T10:19:37Z,Insert,1.0,154.32,Sell
286,2021-10-05T10:23:43Z,Insert,1.0,153.50,Sell
287,2021-10-05T10:24:01Z,Insert,2.0,153.50,Sell
288,2021-10-05T10:29:16Z,Insert,1.0,154.00,Sell
289,2021-10-05T10:29:18.759Z,Update,1.0,154.00,Buy
290,2021-10-05T10:32:35.224Z,Update,1.0,154.00,Sell
291,2021-10-05T10:32:39Z,Insert,1.0,153.90,Sell
292,2021-10-05T10:32:41Z,Insert,1.0,153.90,Sell
293,2021-10-05T10:32:44Z,Insert,1.0,153.90,Sell
294,2021-10-05T10:34:19.742Z,Update,1.0,153.60,Sell
295,2021-10-05T10:34:19Z,Insert,1.0,153.60,Sell
296,2021-10-05T10:34:19Z,Insert,1.0,153.60,Sell
297,2021-10-05T10:34:19Z,Insert,1.0,153.60,Sell
298,2021-10-05T10:34:20.127Z,Update,1.0,153.60,Sell
299,2021-10-05T10:34:27Z,Insert,1.0,153.50,Sell
300,2021-10-05T10:35:04Z,Insert,1.0,153.60,Sell
301,2021-10-05T10:36:26.471Z,Update,1.0,153.65,Sell
302,2021-10-05T10:36:26.579Z,Update,1.0,153.65,Sell
303,2021-10-05T10:36:30.358Z,Update,1.0,153.60,Sell
304,2021-10-05T10:36:30.38Z,Update,1.0,153.60,Sell
305,2021-10-05T10:37:09.592Z,Update,1.0,153.60,Sell
306,2021-10-05T10:37:09Z,Insert,1.0,153.60,Sell
307,2021-10-05T10:37:26Z,Insert,1.0,153.75,Sell
308,2021-10-05T10:37:51.38Z,Insert,1.0,153.75,Sell
309,2021-10-05T10:38:43Z,Insert,1.0,153.75,Sell
310,2021-10-05T10:45:06.149Z,Update,1.0,153.65,Sell
311,2021-10-05T10:45:09.49Z,Update,1.0,153.65,Sell
312,2021-10-05T10:45:10.461Z,Update,1.0,153.65,Sell
313,2021-10-05T10:49:32.962Z,Update,2.0,153.95,Buy
314,2021-10-05T10:50:22Z,Insert,2.0,154.04,Sell
315,2021-10-05T10:52:51.562Z,Update,1.0,153.75,Sell
316,2021-10-05T10:52:57Z,Insert,3.0,153.65,Sell
317,2021-10-05T10:53:25Z,Insert,1.0,153.75,Sell
318,2021-10-05T10:55:22Z,Insert,2.0,153.75,Sell
319,2021-10-05T10:55:28Z,Insert,1.0,153.70,Sell
320,2021-10-05T10:58:50.233Z,Update,1.0,154.00,Sell
321,2021-10-05T10:58:50Z,Insert,1.0,154.00,Buy
322,2021-10-05T10:58:50Z,Insert,1.0,154.00,Buy
323,2021-10-05T10:58:52.151Z,Update,3.0,153.95,Sell
324,2021-10-05T10:58:54Z,Insert,1.0,154.00,Sell
325,2021-10-05T10:58:56Z,Insert,1.0,154.00,Sell
326,2021-10-05T10:58:57Z,Insert,1.0,154.00,Sell
327,2021-10-05T10:59:00Z,Insert,1.0,154.00,Sell
328,2021-10-05T10:59:20.011Z,Update,2.0,154.10,Buy
329,2021-10-05T10:59:25.585Z,Update,2.0,154.10,Buy
330,2021-10-05T11:00:12Z,Insert,2.0,154.25,Sell
331,2021-10-05T11:00:39Z,Insert,1.0,154.25,Sell
332,2021-10-05T11:00:40Z,Insert,1.0,154.05,Sell
333,2021-10-05T11:00:43.095Z,Update,1.0,154.25,Buy
334,2021-10-05T11:00:57.459Z,Insert,1.0,154.35,Buy
335,2021-10-05T11:00:57Z,Insert,1.0,154.35,Sell
336,2021-10-05T11:01:00Z,Insert,6.0,154.50,Sell
337,2021-10-05T11:01:10Z,Insert,1.0,154.55,Sell
338,2021-10-05T11:01:15Z,Insert,1.0,154.75,Sell
339,2021-10-05T11:01:19Z,Insert,1.0,154.75,Sell
340,2021-10-05T11:01:19Z,Insert,2.0,154.75,Sell
341,2021-10-05T11:01:33Z,Insert,2.0,155.00,Sell
342,2021-10-05T11:01:37.533Z,Update,1.0,155.00,Buy
343,2021-10-05T11:01:40.345Z,Update,1.0,155.00,Sell
344,2021-10-05T11:01:42.174Z,Update,1.0,155.00,Sell
345,2021-10-05T11:01:42.205Z,Update,8.0,155.00,Buy
346,2021-10-05T11:01:42.439Z,Update,5.0,155.00,Sell
347,2021-10-05T11:01:42.439Z,Update,5.0,155.00,Sell
348,2021-10-05T11:01:42.439Z,Update,1.0,155.00,Sell
349,2021-10-05T11:02:11Z,Insert,1.0,155.00,Sell
350,2021-10-05T11:02:21Z,Insert,1.0,155.00,Sell
351,2021-10-05T11:02:47Z,Insert,1.0,154.75,Sell
352,2021-10-05T11:02:51.9Z,Insert,1.0,154.96,Sell
353,2021-10-05T11:02:51.9Z,Insert,1.0,154.96,Sell
354,2021-10-05T11:06:28Z,Insert,1.0,155.00,Sell
355,2021-10-05T11:06:29Z,Insert,1.0,155.00,Sell
356,2021-10-05T11:06:37.578Z,Update,1.0,155.00,Buy
357,2021-10-05T11:11:50Z,Insert,1.0,155.00,Sell
358,2021-10-05T11:13:18.859Z,Update,1.0,155.000,Buy
359,2021-10-05T11:14:53.94Z,Update,1.0,155.000,Buy
360,2021-10-05T11:15:53.945Z,Insert,2.0,155.00,Sell
361,2021-10-05T11:15:53.945Z,Insert,2.0,155.00,Sell
362,2021-10-05T11:19:32.136Z,Update,1.0,155.00,Buy
363,2021-10-05T11:20:14.432Z,Update,1.0,154.90,Sell
364,2021-10-05T11:20:17.26Z,Update,1.0,154.90,Sell
365,2021-10-05T11:20:33.948Z,Update,1.0,154.90,Sell
366,2021-10-05T11:20:42.26Z,Update,1.0,154.90,Sell
367,2021-10-05T11:20:45.104Z,Update,1.0,154.90,Sell
368,2021-10-05T11:20:47.479Z,Update,1.0,154.90,Sell
369,2021-10-05T11:20:47.479Z,Update,10.0,154.90,Sell
370,2021-10-05T11:20:47.541Z,Update,1.0,154.90,Sell
371,2021-10-05T11:20:47.838Z,Update,1.0,154.90,Sell
372,2021-10-05T11:20:49.448Z,Update,1.0,154.90,Sell
373,2021-10-05T11:20:53.213Z,Update,1.0,154.90,Sell
374,2021-10-05T11:21:22Z,Insert,1.0,155.00,Sell
375,2021-10-05T11:22:21Z,Insert,1.0,154.90,Sell
376,2021-10-05T11:22:55Z,Insert,1.0,154.90,Sell
377,2021-10-05T11:23:45.938Z,Update,1.0,154.90,Buy
378,2021-10-05T11:23:45Z,Insert,1.0,154.90,Buy
379,2021-10-05T11:25:49.061Z,Insert,1.0,154.90,Sell
380,2021-10-05T11:25:51Z,Insert,1.0,154.90,Sell
381,2021-10-05T11:25:57.834Z,Update,1.0,154.90,Buy
382,2021-10-05T11:29:11.184Z,Update,3.0,154.95,Sell
383,2021-10-05T11:30:00Z,Insert,3.0,154.50,Sell
384,2021-10-05T11:30:17.741Z,Update,1.0,154.95,Sell
385,2021-10-05T11:30:22.031Z,Update,1.0,154.94,Sell
386,2021-10-05T11:30:22.382Z,Update,1.0,154.95,Buy
387,2021-10-05T11:30:26.022Z,Update,1.0,154.95,Sell
388,2021-10-05T11:30:29.1Z,Update,1.0,154.95,Buy
389,2021-10-05T11:30:34.553Z,Update,1.0,154.95,Buy
390,2021-10-05T11:30:37.428Z,Update,1.0,154.95,Buy
391,2021-10-05T11:30:39.147Z,Update,1.0,154.95,Buy
392,2021-10-05T11:30:39.303Z,Update,10.0,154.95,Sell
393,2021-10-05T11:30:39.303Z,Update,1.0,154.95,Sell
394,2021-10-05T11:30:39.803Z,Update,1.0,154.95,Sell
395,2021-10-05T11:30:41.507Z,Update,1.0,154.95,Buy
396,2021-10-05T11:30:41Z,Insert,1.0,154.95,Sell
397,2021-10-05T11:30:42Z,Insert,1.0,154.71,Sell
398,2021-10-05T11:30:44Z,Insert,1.0,154.70,Sell
399,2021-10-05T11:30:44Z,Insert,1.0,154.70,Sell
400,2021-10-05T11:30:45Z,Insert,1.0,154.70,Sell
401,2021-10-05T11:30:45Z,Insert,1.0,154.70,Sell
402,2021-10-05T11:30:45Z,Insert,1.0,154.70,Sell
403,2021-10-05T11:31:17Z,Insert,3.0,154.60,Sell
404,2021-10-05T11:31:28Z,Insert,1.0,154.00,Sell
405,2021-10-05T11:31:29Z,Insert,1.0,154.00,Sell
406,2021-10-05T11:31:30Z,Insert,1.0,154.00,Sell
407,2021-10-05T11:31:30Z,Insert,1.0,154.00,Sell
408,2021-10-05T11:31:30Z,Insert,1.0,154.10,Sell
409,2021-10-05T11:31:33Z,Insert,1.0,153.75,Sell
410,2021-10-05T11:32:47Z,Insert,1.0,153.75,Sell
411,2021-10-05T11:32:58Z,Insert,5.0,153.50,Sell
412,2021-10-05T11:33:27Z,Insert,1.0,153.25,Sell
413,2021-10-05T11:33:30Z,Insert,1.0,153.20,Sell
414,2021-10-05T11:33:32Z,Insert,1.0,153.35,Sell
415,2021-10-05T11:33:42.109Z,Update,1.0,153.35,Sell
416,2021-10-05T11:33:43Z,Insert,1.0,153.10,Sell
417,2021-10-05T11:33:50.157Z,Update,1.0,153.15,Sell
418,2021-10-05T11:34:00Z,Update,3.0,152.75,Sell
419,2021-10-05T11:34:22.369Z,Update,1.0,152.75,Sell
420,2021-10-05T11:34:22.369Z,Update,1.0,152.75,Sell
421,2021-10-05T11:34:29Z,Insert,1.0,152.25,Sell
422,2021-10-05T11:34:33Z,Insert,1.0,152.25,Sell
423,2021-10-05T11:34:47Z,Insert,1.0,152.25,Sell
424,2021-10-05T11:34:48.659Z,Update,1.0,152.75,Sell
425,2021-10-05T11:34:51.17Z,Update,5.0,152.20,Sell
426,2021-10-05T11:34:52.234Z,Update,1.0,152.75,Sell
427,2021-10-05T11:36:01Z,Insert,2.0,152.20,Sell
428,2021-10-05T11:36:03Z,Insert,1.0,152.20,Sell
429,2021-10-05T11:36:07Z,Insert,2.0,152.20,Sell
430,2021-10-05T11:36:09Z,Insert,2.0,152.00,Sell
431,2021-10-05T11:36:17Z,Insert,1.0,152.00,Sell
432,2021-10-05T11:36:24.787Z,Insert,1.0,152.00,Sell
433,2021-10-05T11:36:24.787Z,Insert,1.0,152.00,Sell
434,2021-10-05T11:36:44.936Z,Update,1.0,152.50,Sell
435,2021-10-05T11:37:00Z,Update,1.0,152.50,Sell
436,2021-10-05T11:38:13Z,Insert,1.0,152.50,Sell
437,2021-10-05T11:38:17.822Z,Update,1.0,152.50,Sell
438,2021-10-05T11:39:48Z,Insert,2.0,152.60,Sell
439,2021-10-05T11:39:53Z,Insert,1.0,152.60,Sell
440,2021-10-05T11:40:24Z,Insert,1.0,152.30,Sell
441,2021-10-05T11:40:24Z,Insert,2.0,152.25,Sell
442,2021-10-05T11:42:00Z,Insert,2.0,152.60,Sell
443,2021-10-05T11:47:59.843Z,Update,1.0,153.25,Buy
444,2021-10-05T11:48:40.606Z,Update,1.0,153.50,Buy
445,2021-10-05T11:48:46.847Z,Update,1.0,153.50,Buy
446,2021-10-05T11:48:51.489Z,Update,1.0,153.50,Buy
447,2021-10-05T11:48:53Z,Insert,2.0,153.60,Sell
448,2021-10-05T11:48:56Z,Insert,3.0,153.60,Sell
449,2021-10-05T11:48:58Z,Insert,1.0,153.65,Sell
450,2021-10-05T11:48:59Z,Insert,1.0,153.65,Sell
451,2021-10-05T11:50:26Z,Insert,5.0,154.50,Sell
452,2021-10-05T11:51:01.077Z,Update,3.0,155.00,Sell
453,2021-10-05T11:51:07.514Z,Update,1.0,155.050,Sell
454,2021-10-05T11:51:13Z,Insert,1.0,155.00,Sell
455,2021-10-05T11:51:13Z,Insert,1.0,154.75,Sell
456,2021-10-05T11:51:15Z,Insert,1.0,155.00,Sell
457,2021-10-05T11:51:17Z,Insert,1.0,155.00,Sell
458,2021-10-05T11:51:19Z,Insert,1.0,155.50,Sell
459,2021-10-05T11:51:55.498Z,Update,1.0,155.50,Buy
460,2021-10-05T11:52:27.421Z,Update,1.0,155.45,Sell
461,2021-10-05T11:52:54Z,Insert,1.0,155.45,Sell
462,2021-10-05T11:53:06Z,Insert,2.0,155.45,Sell
463,2021-10-05T11:53:24.509Z,Update,1.0,154.45,Sell
464,2021-10-05T11:54:01.384Z,Insert,1.0,155.45,Sell
465,2021-10-05T11:54:08Z,Insert,1.0,155.45,Sell
466,2021-10-05T12:01:00.933Z,Update,1.0,155.00,Sell
467,2021-10-05T12:02:59Z,Update,1.0,155.00,Buy
468,2021-10-05T12:02:59Z,Update,1.0,155.00,Buy
469,2021-10-05T12:02:59Z,Update,1.0,155.00,Buy
470,2021-10-05T12:06:04Z,Update,1.0,155.10,Buy
471,2021-10-05T12:06:47Z,Insert,2.0,155.10,Sell
472,2021-10-05T12:06:49Z,Insert,1.0,155.10,Sell
473,2021-10-05T12:07:05Z,Insert,5.0,155.40,Sell
474,2021-10-05T12:07:11.712Z,Update,1.0,155.40,Sell
475,2021-10-05T12:08:00.243Z,Update,1.0,155.40,Sell
476,2021-10-05T12:08:11.618Z,Update,1.0,155.40,Sell
477,2021-10-05T12:08:20Z,Insert,1.0,155.50,Sell
478,2021-10-05T12:09:36Z,Insert,1.0,155.70,Sell
479,2021-10-05T12:09:56Z,Insert,1.0,155.70,Sell
480,2021-10-05T12:10:05Z,Insert,1.0,155.70,Sell
481,2021-10-05T12:11:19.476Z,Update,1.0,155.65,Sell
482,2021-10-05T12:11:27Z,Insert,1.0,155.70,Sell
483,2021-10-05T12:12:30.023Z,Update,1.0,156.00,Sell
484,2021-10-05T12:12:46Z,Insert,1.0,156.00,Sell
485,2021-10-05T12:12:47.429Z,Update,1.0,156.00,Sell
486,2021-10-05T12:12:49.976Z,Update,1.0,156.00,Sell
487,2021-10-05T12:12:54Z,Insert,1.0,156.00,Sell
488,2021-10-05T12:14:34Z,Insert,5.0,156.00,Sell
489,2021-10-05T12:15:19Z,Insert,2.0,156.00,Sell
490,2021-10-05T12:17:13Z,Insert,1.0,155.80,Sell
491,2021-10-05T12:18:04Z,Insert,1.0,156.00,Sell
492,2021-10-05T12:18:12.132Z,Update,1.0,156.00,Buy
493,2021-10-05T12:18:16.662Z,Update,2.0,156.25,Sell
494,2021-10-05T12:20:13Z,Insert,1.0,156.00,Sell
495,2021-10-05T12:20:42Z,Insert,1.0,156.15,Sell
496,2021-10-05T12:20:44Z,Insert,1.0,156.25,Sell
497,2021-10-05T12:21:16Z,Insert,1.0,156.25,Sell
498,2021-10-05T12:22:42Z,Insert,1.0,156.30,Sell
499,2021-10-05T12:23:14Z,Insert,2.0,156.30,Sell
500,2021-10-05T12:23:16.566Z,Update,2.0,156.40,Sell
501,2021-10-05T12:23:19Z,Insert,1.0,156.50,Sell
502,2021-10-05T12:24:22Z,Insert,1.0,156.80,Sell
503,2021-10-05T12:25:37Z,Insert,1.0,157.00,Sell
504,2021-10-05T12:25:40.3Z,Update,1.0,157.00,Sell
505,2021-10-05T12:25:46Z,Insert,2.0,157.00,Sell
506,2021-10-05T12:25:53.316Z,Update,1.0,157.50,Buy
507,2021-10-05T12:26:16Z,Insert,1.0,157.25,Sell
508,2021-10-05T12:26:50Z,Insert,1.0,157.25,Sell
509,2021-10-05T12:26:50Z,Insert,3.0,157.25,Sell
510,2021-10-05T12:27:39Z,Insert,1.0,157.50,Sell
511,2021-10-05T12:27:53Z,Insert,2.0,156.80,Sell
512,2021-10-05T12:27:54Z,Insert,1.0,156.80,Sell
513,2021-10-05T12:28:07.232Z,Update,1.0,157.00,Sell
514,2021-10-05T12:28:11.425Z,Update,2.0,157.00,Sell
515,2021-10-05T12:28:30.195Z,Update,1.0,156.90,Sell
516,2021-10-05T12:29:07.94Z,Update,2.0,157.00,Buy
517,2021-10-05T12:30:00Z,Update,3.0,156.50,Buy
518,2021-10-05T12:30:23Z,Insert,1.0,156.90,Sell
519,2021-10-05T12:30:25.418Z,Update,1.0,156.90,Sell
520,2021-10-05T12:30:26.43Z,Update,1.0,156.90,Sell
521,2021-10-05T12:30:27.494Z,Update,1.0,156.90,Sell
522,2021-10-05T12:30:30.331Z,Update,1.0,156.90,Sell
523,2021-10-05T12:30:52.187Z,Update,1.0,157.00,Buy
524,2021-10-05T12:34:52Z,Insert,1.0,156.50,Sell
525,2021-10-05T12:37:28Z,Insert,1.0,156.30,Sell
526,2021-10-05T12:37:57.588Z,Update,1.0,156.25,Sell
527,2021-10-05T12:38:36.338Z,Update,1.0,156.00,Sell
528,2021-10-05T12:38:37Z,Insert,3.0,156.00,Sell
529,2021-10-05T12:38:56.536Z,Update,1.0,155.90,Buy
530,2021-10-05T12:39:00.573Z,Update,2.0,156.000,Buy
531,2021-10-05T12:39:35Z,Insert,1.0,156.00,Sell
532,2021-10-05T12:39:37.785Z,Update,1.0,156.00,Buy
533,2021-10-05T12:39:41.694Z,Update,1.0,156.00,Buy
534,2021-10-05T12:39:45.271Z,Update,1.0,156.00,Buy
535,2021-10-05T12:39:54.58Z,Insert,5.0,156.50,Sell
536,2021-10-05T12:39:55.002Z,Insert,5.0,156.50,Buy
537,2021-10-05T12:39:55.658Z,Update,5.0,156.50,Buy
538,2021-10-05T12:44:24Z,Insert,1.0,156.00,Sell
539,2021-10-05T12:44:27.087Z,Insert,1.0,156.00,Sell
540,2021-10-05T12:45:03.043Z,Update,1.0,156.00,Sell
541,2021-10-05T12:46:30Z,Insert,1.0,155.70,Sell
542,2021-10-05T12:51:48.187Z,Update,2.0,155.75,Sell
543,2021-10-05T12:53:12.423Z,Update,1.0,156.00,Sell
544,2021-10-05T12:54:19Z,Insert,1.0,156.50,Sell
545,2021-10-05T12:55:36.187Z,Update,1.0,156.50,Sell
546,2021-10-05T12:55:59Z,Insert,1.0,156.50,Sell
547,2021-10-05T12:56:45Z,Insert,3.0,156.50,Sell
548,2021-10-05T12:58:23.494Z,Update,10.0,156.50,Buy
549,2021-10-05T12:58:23.494Z,Insert,10.0,156.50,Sell
550,2021-10-05T13:00:06Z,Insert,2.0,156.20,Sell
551,2021-10-05T13:00:12Z,Insert,1.0,156.20,Sell
552,2021-10-05T13:02:27.63Z,Insert,5.0,156.50,Sell
553,2021-10-05T13:02:28.193Z,Insert,5.0,156.50,Buy
554,2021-10-05T13:02:31.81Z,Insert,5.0,156.50,Sell
555,2021-10-05T13:02:32.466Z,Update,5.0,156.50,Buy
556,2021-10-05T13:04:57Z,Insert,1.0,156.35,Sell
557,2021-10-05T13:05:03Z,Insert,1.0,156.40,Sell
558,2021-10-05T13:05:13.567Z,Update,1.0,156.50,Sell
559,2021-10-05T13:05:17Z,Insert,2.0,156.50,Sell
560,2021-10-05T13:08:13Z,Insert,1.0,156.75,Sell
561,2021-10-05T13:09:47Z,Insert,1.0,157.00,Sell
562,2021-10-05T13:12:23Z,Insert,1.0,157.00,Sell
563,2021-10-05T13:14:41.059Z,Update,1.0,157.00,Sell
564,2021-10-05T13:14:52.805Z,Update,1.0,157.00,Sell
565,2021-10-05T13:16:07.555Z,Update,1.0,156.95,Sell
566,2021-10-05T13:16:10.278Z,Update,1.0,156.95,Sell
567,2021-10-05T13:16:46.846Z,Update,1.0,156.95,Sell
568,2021-10-05T13:17:25Z,Insert,1.0,157.00,Sell
569,2021-10-05T13:18:10Z,Insert,1.0,157.10,Sell
570,2021-10-05T13:22:43Z,Insert,1.0,157.10,Sell
571,2021-10-05T13:23:25Z,Insert,1.0,157.00,Sell
572,2021-10-05T13:23:31Z,Insert,1.0,156.95,Sell
573,2021-10-05T13:23:45Z,Insert,1.0,157.00,Sell
574,2021-10-05T13:25:00Z,Update,1.0,157.00,Sell
575,2021-10-05T13:25:09.42Z,Update,1.0,157.060,Sell
576,2021-10-05T13:25:09.42Z,Insert,1.0,157.10,Sell
577,2021-10-05T13:25:14Z,Insert,1.0,157.20,Sell
578,2021-10-05T13:25:17.303Z,Update,1.0,157.00,Sell
579,2021-10-05T13:26:43.083Z,Update,1.0,157.50,Buy
580,2021-10-05T13:26:54Z,Insert,1.0,157.60,Sell
581,2021-10-05T13:26:57Z,Insert,1.0,157.60,Sell
582,2021-10-05T13:27:30Z,Insert,1.0,158.00,Sell
583,2021-10-05T13:27:31.825Z,Update,1.0,158.00,Sell
584,2021-10-05T13:27:41.356Z,Update,1.0,158.000,Buy
585,2021-10-05T13:28:51.318Z,Update,1.0,158.00,Sell
586,2021-10-05T13:35:54Z,Insert,1.0,158.50,Sell
587,2021-10-05T13:37:20Z,Insert,2.0,158.50,Sell
588,2021-10-05T13:38:23Z,Insert,1.0,158.50,Sell
589,2021-10-05T13:38:39.89Z,Update,1.0,158.50,Sell
590,2021-10-05T13:42:00Z,Update,2.0,158.00,Sell
591,2021-10-05T13:42:05.531Z,Update,1.0,158.800,Sell
592,2021-10-05T13:42:10Z,Insert,1.0,158.50,Sell
593,2021-10-05T13:43:43Z,Insert,1.0,158.50,Sell
594,2021-10-05T13:43:47Z,Insert,1.0,158.50,Sell
595,2021-10-05T13:43:51.654Z,Update,1.0,158.50,Sell
596,2021-10-05T13:44:33.662Z,Update,1.0,158.50,Buy
597,2021-10-05T13:45:46Z,Insert,2.0,158.80,Sell
598,2021-10-05T13:45:53Z,Insert,1.0,158.85,Sell
599,2021-10-05T13:45:55Z,Insert,1.0,158.85,Sell
600,2021-10-05T13:45:57Z,Insert,1.0,158.85,Sell
601,2021-10-05T13:46:00Z,Insert,1.0,158.85,Sell
602,2021-10-05T13:46:00Z,Insert,1.0,158.85,Sell
603,2021-10-05T13:46:32.881Z,Insert,5.0,158.60,Buy
604,2021-10-05T13:46:32.881Z,Update,5.0,158.60,Sell
605,2021-10-05T13:46:55Z,Insert,1.0,159.00,Sell
606,2021-10-05T13:49:29Z,Insert,3.0,159.75,Sell
607,2021-10-05T13:50:00Z,Update,5.0,158.60,Sell
608,2021-10-05T13:50:00Z,Update,5.0,158.60,Sell
609,2021-10-05T13:51:55Z,Insert,2.0,159.75,Sell
610,2021-10-05T13:51:59Z,Insert,1.0,159.75,Sell
611,2021-10-05T13:52:02Z,Insert,2.0,159.75,Sell
612,2021-10-05T13:52:06Z,Insert,1.0,159.75,Sell
613,2021-10-05T13:54:13.383Z,Update,1.0,160.00,Sell
614,2021-10-05T13:54:14.869Z,Update,1.0,160.00,Sell
615,2021-10-05T13:54:19.589Z,Update,2.0,160.00,Buy
616,2021-10-05T13:54:34.44Z,Update,1.0,160.10,Buy
617,2021-10-05T13:54:37Z,Insert,1.0,160.00,Sell
618,2021-10-05T13:54:38Z,Insert,1.0,160.55,Sell
619,2021-10-05T13:55:04Z,Insert,1.0,160.50,Sell
620,2021-10-05T13:56:22Z,Insert,1.0,160.50,Sell
621,2021-10-05T13:56:29Z,Insert,1.0,160.50,Sell
622,2021-10-05T13:56:51Z,Insert,1.0,160.50,Sell
623,2021-10-05T13:57:28Z,Insert,1.0,160.55,Sell
624,2021-10-05T13:58:57Z,Insert,1.0,160.50,Sell
625,2021-10-05T13:59:08Z,Insert,1.0,160.40,Sell
626,2021-10-05T13:59:08Z,Insert,1.0,160.40,Sell
627,2021-10-05T13:59:09Z,Insert,1.0,160.40,Sell
628,2021-10-05T13:59:50Z,Insert,1.0,160.25,Sell
629,2021-10-05T13:59:55.035Z,Update,1.0,160.00,Sell
630,2021-10-05T13:59:55Z,Insert,1.0,159.95,Sell
631,2021-10-05T14:01:16Z,Insert,1.0,160.05,Sell
632,2021-10-05T14:01:17Z,Insert,1.0,160.05,Sell
633,2021-10-05T14:01:18.793Z,Update,1.0,160.45,Sell
634,2021-10-05T14:01:24.466Z,Update,1.0,160.00,Sell
635,2021-10-05T14:01:25Z,Insert,1.0,160.05,Sell
636,2021-10-05T14:01:36Z,Insert,2.0,160.00,Sell
637,2021-10-05T14:01:39.549Z,Update,1.0,160.00,Sell
638,2021-10-05T14:01:39.724Z,Update,1.0,159.95,Sell
639,2021-10-05T14:01:39Z,Insert,1.0,159.95,Sell
640,2021-10-05T14:01:39Z,Insert,1.0,159.95,Sell
641,2021-10-05T14:02:03.484Z,Update,1.0,160.00,Sell
642,2021-10-05T14:02:06.423Z,Update,1.0,160.00,Sell
643,2021-10-05T14:02:08.22Z,Update,1.0,160.00,Sell
644,2021-10-05T14:02:19.462Z,Update,1.0,160.00,Sell
645,2021-10-05T14:02:21.353Z,Update,1.0,160.00,Sell
646,2021-10-05T14:02:40Z,Insert,1.0,159.75,Sell
647,2021-10-05T14:05:53Z,Insert,1.0,160.00,Sell
648,2021-10-05T14:07:05.761Z,Update,3.0,160.00,Sell
649,2021-10-05T14:07:14Z,Insert,5.0,160.25,Sell
650,2021-10-05T14:07:34Z,Insert,1.0,160.55,Sell
651,2021-10-05T14:07:41Z,Insert,1.0,158.70,Sell
652,2021-10-05T14:08:13Z,Insert,1.0,160.00,Sell
653,2021-10-05T14:09:08Z,Insert,1.0,160.45,Sell
654,2021-10-05T14:09:44.419Z,Update,1.0,160.10,Sell
655,2021-10-05T14:13:25.418Z,Update,1.0,160.50,Sell
656,2021-10-05T14:17:28Z,Insert,1.0,160.25,Sell
657,2021-10-05T14:17:48Z,Insert,1.0,160.10,Sell
658,2021-10-05T14:25:00Z,Update,4.0,160.25,Buy
659,2021-10-05T14:25:00Z,Update,8.0,160.25,Buy
660,2021-10-05T14:28:09Z,Insert,1.0,160.50,Sell
661,2021-10-05T14:29:35Z,Insert,5.0,160.85,Sell
662,2021-10-05T14:29:38.378Z,Update,1.0,160.85,Buy
663,2021-10-05T14:29:52.749Z,Update,1.0,161.00,Sell
664,2021-10-05T14:29:57Z,Insert,1.0,161.00,Sell
665,2021-10-05T14:34:23Z,Insert,1.0,161.00,Sell
666,2021-10-05T14:34:30Z,Insert,2.0,161.00,Sell
667,2021-10-05T14:35:00Z,Insert,1.0,161.25,Sell
668,2021-10-05T14:35:20Z,Insert,2.0,161.00,Sell
669,2021-10-05T14:37:16.327Z,Update,1.0,161.00,Sell
670,2021-10-05T14:37:22.447Z,Insert,1.0,161.00,Sell
671,2021-10-05T14:37:22.447Z,Insert,1.0,161.00,Sell
672,2021-10-05T14:37:54.302Z,Update,1.0,161.00,Sell
673,2021-10-05T14:37:58.218Z,Update,1.0,161.00,Sell
674,2021-10-05T14:37:59.382Z,Update,1.0,161.00,Sell
675,2021-10-05T14:38:06.339Z,Update,1.0,161.00,Sell
676,2021-10-05T14:38:24.822Z,Update,1.0,160.75,Sell
677,2021-10-05T14:38:29.378Z,Update,1.0,160.75,Sell
678,2021-10-05T14:38:33Z,Insert,1.0,160.75,Sell
679,2021-10-05T14:38:35Z,Insert,1.0,160.75,Sell
680,2021-10-05T14:42:01Z,Insert,1.0,161.00,Sell
681,2021-10-05T14:48:27Z,Insert,1.0,160.50,Sell
682,2021-10-05T14:48:29Z,Insert,1.0,160.50,Sell
683,2021-10-05T14:48:32Z,Insert,1.0,160.25,Sell
684,2021-10-05T14:48:38Z,Insert,1.0,160.25,Sell
685,2021-10-05T14:48:42Z,Insert,1.0,160.05,Sell
686,2021-10-05T14:48:46Z,Insert,2.0,160.05,Sell
687,2021-10-05T14:48:49Z,Insert,1.0,160.00,Sell
688,2021-10-05T14:49:13Z,Insert,1.0,160.00,Sell
689,2021-10-05T14:49:16.481Z,Update,1.0,160.00,Sell
690,2021-10-05T14:49:34.642Z,Update,1.0,159.95,Sell
691,2021-10-05T14:49:43Z,Insert,1.0,159.95,Sell
692,2021-10-05T14:49:45.94Z,Update,2.0,159.95,Sell
693,2021-10-05T14:51:07Z,Insert,1.0,159.95,Sell
694,2021-10-05T14:51:18.785Z,Update,5.0,159.95,Sell
695,2021-10-05T14:52:37.619Z,Update,1.0,160.00,Buy
696,2021-10-05T14:53:00Z,Update,5.0,160.00,Sell
697,2021-10-05T14:53:04.576Z,Update,1.0,159.50,Sell
698,2021-10-05T14:53:37Z,Insert,1.0,159.25,Sell
699,2021-10-05T14:54:00Z,Update,4.0,160.00,Sell
700,2021-10-05T14:54:39.919Z,Update,1.0,159.24,Sell
701,2021-10-05T14:54:43.285Z,Update,2.0,159.35,Buy
702,2021-10-05T14:54:53Z,Insert,1.0,159.35,Sell
703,2021-10-05T14:55:00Z,Update,3.0,159.35,Sell
704,2021-10-05T14:55:06Z,Insert,1.0,159.60,Sell
705,2021-10-05T14:55:07.153Z,Update,1.0,159.25,Buy
706,2021-10-05T14:55:19.359Z,Update,1.0,159.25,Buy
707,2021-10-05T14:55:51.877Z,Update,1.0,159.50,Sell
708,2021-10-05T14:55:56.473Z,Update,1.0,159.50,Sell
709,2021-10-05T14:56:12Z,Insert,2.0,159.50,Sell
710,2021-10-05T14:56:21.324Z,Update,1.0,159.35,Buy
711,2021-10-05T14:57:20.33Z,Update,1.0,159.50,Sell
712,2021-10-05T14:57:34.027Z,Update,1.0,159.50,Sell
713,2021-10-05T14:57:40.512Z,Update,1.0,159.50,Sell
714,2021-10-05T14:57:41.995Z,Update,1.0,159.35,Buy
715,2021-10-05T14:57:45Z,Insert,1.0,159.50,Sell
716,2021-10-05T14:58:31Z,Insert,1.0,159.30,Sell
717,2021-10-05T14:58:38.227Z,Update,1.0,159.30,Sell
718,2021-10-05T14:58:50Z,Insert,1.0,159.30,Sell
719,2021-10-05T14:59:01.614Z,Update,1.0,159.30,Buy
720,2021-10-05T14:59:33Z,Insert,1.0,159.30,Sell
721,2021-10-05T14:59:44.636Z,Update,1.0,159.30,Sell
722,2021-10-05T15:00:01Z,Insert,1.0,159.25,Sell
723,2021-10-05T15:01:09.769Z,Insert,5.0,159.25,Sell
724,2021-10-05T15:01:32Z,Insert,1.0,158.70,Sell
725,2021-10-05T15:02:36.22Z,Update,1.0,158.95,Buy
726,2021-10-05T15:03:05.809Z,Update,1.0,158.95,Buy
727,2021-10-05T15:03:27.721Z,Update,1.0,158.70,Sell
728,2021-10-05T15:05:23Z,Insert,1.0,158.80,Sell
729,2021-10-05T15:05:40Z,Insert,2.0,158.80,Sell
730,2021-10-05T15:06:25Z,Insert,2.0,158.80,Sell
731,2021-10-05T15:06:53Z,Insert,2.0,159.00,Sell
732,2021-10-05T15:08:06.476Z,Update,1.0,158.80,Buy
733,2021-10-05T15:08:06.993Z,Update,1.0,158.80,Buy
734,2021-10-05T15:08:11.74Z,Update,1.0,158.80,Buy
735,2021-10-05T15:08:15.373Z,Update,1.0,158.80,Buy
736,2021-10-05T15:08:18.308Z,Update,1.0,158.80,Sell
737,2021-10-05T15:10:16.693Z,Insert,1.0,158.60,Sell
738,2021-10-05T15:10:43Z,Insert,1.0,158.60,Sell
739,2021-10-05T15:11:36.833Z,Update,2.0,158.60,Sell
740,2021-10-05T15:12:00Z,Update,1.0,158.60,Sell
741,2021-10-05T15:12:13.278Z,Update,1.0,158.60,Sell
742,2021-10-05T15:12:34.457Z,Update,1.0,158.50,Sell
743,2021-10-05T15:13:00.266Z,Update,1.0,158.50,Sell
744,2021-10-05T15:15:36Z,Insert,1.0,158.40,Sell
745,2021-10-05T15:15:40Z,Insert,1.0,158.50,Sell
746,2021-10-05T15:16:07.502Z,Update,1.0,158.40,Buy
747,2021-10-05T15:16:20.158Z,Update,1.0,158.50,Buy
748,2021-10-05T15:17:54Z,Insert,1.0,159.00,Sell
749,2021-10-05T15:20:57Z,Insert,1.0,159.75,Sell
750,2021-10-05T15:21:01Z,Insert,1.0,159.25,Sell
751,2021-10-05T15:24:46.35Z,Update,1.0,160.50,Buy
752,2021-10-05T15:24:49.939Z,Update,2.0,160.50,Buy
753,2021-10-05T15:25:07.009Z,Update,1.0,161.00,Buy
754,2021-10-05T15:29:54.239Z,Update,1.0,160.50,Buy
755,2021-10-05T15:31:50Z,Insert,1.0,160.15,Sell
756,2021-10-05T15:31:57Z,Insert,1.0,160.15,Sell
757,2021-10-05T15:32:06Z,Insert,1.0,160.15,Sell
758,2021-10-05T15:32:10Z,Insert,1.0,160.15,Sell
759,2021-10-05T15:32:54.233Z,Update,1.0,160.50,Buy
760,2021-10-05T15:35:38Z,Insert,1.0,160.50,Sell
761,2021-10-05T15:36:14.751Z,Update,2.0,160.50,Buy
762,2021-10-05T15:37:08.934Z,Update,1.0,160.50,Buy
763,2021-10-05T15:37:08Z,Insert,1.0,160.51,Sell
764,2021-10-05T15:43:01.693Z,Insert,1.0,160.00,Sell
765,2021-10-05T15:44:35Z,Insert,1.0,159.50,Sell
766,2021-10-05T15:44:38Z,Insert,1.0,159.50,Sell
767,2021-10-05T15:45:22Z,Insert,1.0,159.50,Sell
768,2021-10-05T15:45:23Z,Insert,1.0,159.50,Sell
769,2021-10-05T15:47:11Z,Insert,1.0,159.25,Sell
770,2021-10-05T15:47:49Z,Insert,2.0,159.25,Sell
771,2021-10-05T15:49:00Z,Update,10.0,159.50,Sell
772,2021-10-05T15:49:00Z,Insert,30.0,159.50,Buy
773,2021-10-05T15:49:00Z,Insert,10.0,159.50,Buy
774,2021-10-05T15:49:00Z,Insert,10.0,159.50,Buy
775,2021-10-05T15:49:51.757Z,Update,1.0,159.50,Buy
776,2021-10-05T15:50:44Z,Insert,2.0,159.50,Buy
777,2021-10-05T15:50:44Z,Insert,2.0,159.50,Buy
778,2021-10-05T15:50:45.188Z,Update,1.0,159.50,Buy
779,2021-10-05T15:51:00Z,Update,30.0,159.50,Sell
780,2021-10-05T15:51:14.378Z,Update,2.0,159.50,Buy
781,2021-10-05T15:53:40.197Z,Update,1.0,159.50,Sell
782,2021-10-05T15:53:42Z,Insert,1.0,159.50,Sell
783,2021-10-05T15:55:34Z,Insert,1.0,159.50,Sell
784,2021-10-05T15:56:19Z,Insert,1.0,159.75,Sell
785,2021-10-05T15:56:44Z,Insert,1.0,159.80,Sell
786,2021-10-05T15:56:56.565Z,Update,1.0,159.50,Sell
787,2021-10-05T15:58:00Z,Insert,1.0,159.75,Sell
788,2021-10-05T15:59:33Z,Insert,1.0,159.80,Sell
