,key,Datetime,BidPrice_0,BidVolume_0,AskPrice_0,AskVolume_0,BidPrice_1,BidVolume_1,AskPrice_1,AskVolume_1,BidPrice_2,BidVolume_2,AskPrice_2,AskVolume_2,BidPrice_3,BidVolume_3,AskPrice_3,AskVolume_3,BidPrice_4,BidVolume_4,AskPrice_4,AskVolume_4,BidPrice_5,BidVolume_5,AskPrice_5,AskVolume_5,BidPrice_6,BidVolume_6,AskPrice_6,AskVolume_6,BidPrice_7,BidVolume_7,AskPrice_7,AskVolume_7,BidPrice_8,BidVolume_8,AskPrice_8,AskVolume_8,BidPrice_9,BidVolume_9,AskPrice_9,AskVolume_9
0,Germany_Baseload#19#0#10000106,2021-10-12 05:59:56.865000,120.0,1.0,124.0,1.0,112.5,1.0,,,100.0,1.0,,,,,,,,,,,,,,,,,,,,,,,,,,,,,,
1,Germany_Baseload#19#0#10000106,2021-10-12 05:59:56.896000,120.0,1.0,124.0,1.0,112.5,1.0,,,112.47,1.0,,,100.0,1.0,,,,,,,,,,,,,,,,,,,,,,,,,,
2,Germany_Baseload#19#0#10000106,2021-10-12 05:59:56.927000,120.0,1.0,124.0,1.0,112.5,1.0,,,112.47,1.0,,,112.44,1.0,,,100.0,1.0,,,,,,,,,,,,,,,,,,,,,,
3,Germany_Baseload#19#0#10000106,2021-10-12 06:00:00.997000,120.0,1.0,124.0,1.0,115.5,1.0,,,112.5,1.0,,,112.47,1.0,,,112.44,1.0,,,100.0,1.0,,,52.0,1.0,,,,,,,,,,,,,,
4,Germany_Baseload#19#0#10000106,2021-10-12 06:00:00.998000,120.0,1.0,123.25,1.0,115.5,1.0,124.0,1.0,112.5,1.0,,,112.47,1.0,,,112.44,1.0,,,100.0,1.0,,,52.0,1.0,,,48.0,3.0,,,,,,,,,,
5,Germany_Baseload#19#0#10000106,2021-10-12 06:01:07.126000,120.0,1.0,123.25,1.0,115.5,1.0,124.0,1.0,112.5,1.0,,,112.47,1.0,,,112.44,1.0,,,100.0,1.0,,,52.0,1.0,,,48.0,3.0,,,,,,,,,,
6,Germany_Baseload#19#0#10000106,2021-10-12 06:01:43.995000,120.0,1.0,123.25,1.0,115.5,1.0,124.0,1.0,112.5,1.0,,,112.47,1.0,,,112.44,1.0,,,100.0,1.0,,,52.0,1.0,,,48.0,3.0,,,,,,,,,,
7,Germany_Baseload#19#0#10000106,2021-10-12 06:01:49.737000,120.0,1.0,123.25,1.0,115.5,1.0,124.0,1.0,112.5,1.0,,,112.47,1.0,,,112.44,1.0,,,100.0,1.0,,,52.0,1.0,,,48.0,3.0,,,,,,,,,,
8,Germany_Baseload#19#0#10000106,2021-10-12 06:02:38.501000,120.0,1.0,122.0,1.0,115.5,1.0,123.25,1.0,112.5,1.0,124.0,1.0,112.47,1.0,,,112.44,1.0,,,100.0,1.0,,,52.0,1.0,,,48.0,3.0,,,,,,,,,,
9,Germany_Baseload#19#0#10000106,2021-10-12 06:02:45.173000,120.0,1.0,122.0,2.0,115.5,1.0,123.25,1.0,112.5,1.0,124.0,1.0,112.47,1.0,,,112.44,1.0,,,100.0,1.0,,,52.0,1.0,,,48.0,3.0,,,,,,,,,,
10,Germany_Baseload#19#0#10000106,2021-10-12 06:03:21.219000,120.0,1.0,120.0,2.0,115.5,1.0,122.0,2.0,112.5,1.0,123.25,1.0,112.47,1.0,124.0,1.0,112.44,1.0,,,100.0,1.0,,,52.0,1.0,,,48.0,3.0,,,,,,,,,,
11,Germany_Baseload#19#0#10000106,2021-10-12 06:03:31.964000,120.0,1.0,120.0,2.0,115.5,2.0,122.0,2.0,112.5,1.0,123.25,1.0,112.47,1.0,124.0,1.0,112.44,1.0,,,100.0,1.0,,,52.0,1.0,,,48.0,3.0,,,,,,,,,,
12,Germany_Baseload#19#0#10000106,2021-10-12 06:03:44.069000,120.0,1.0,120.0,2.0,115.75,1.0,122.0,2.0,115.5,2.0,123.25,1.0,112.5,1.0,124.0,1.0,112.47,1.0,,,112.44,1.0,,,100.0,1.0,,,52.0,1.0,,,48.0,3.0,,,,,,
13,Germany_Baseload#19#0#10000106,2021-10-12 06:03:44.914000,120.0,1.0,120.0,3.0,115.75,1.0,122.0,2.0,115.5,2.0,123.25,1.0,112.5,1.0,124.0,1.0,112.47,1.0,,,112.44,1.0,,,100.0,1.0,,,52.0,1.0,,,48.0,3.0,,,,,,
14,Germany_Baseload#19#0#10000106,2021-10-12 06:03:44.961000,120.0,1.0,120.0,3.0,115.75,1.0,120.03,1.0,115.5,2.0,122.0,2.0,112.5,1.0,123.25,1.0,112.47,1.0,124.0,1.0,112.44,1.0,,,100.0,1.0,,,52.0,1.0,,,48.0,3.0,,,,,,
15,Germany_Baseload#19#0#10000106,2021-10-12 06:03:44.992000,120.0,1.0,120.0,3.0,115.75,1.0,120.03,1.0,115.5,2.0,120.06,1.0,112.5,1.0,122.0,2.0,112.47,1.0,123.25,1.0,112.44,1.0,124.0,1.0,100.0,1.0,,,52.0,1.0,,,48.0,3.0,,,,,,
16,Germany_Baseload#19#0#10000106,2021-10-12 06:04:07.975000,120.0,1.0,120.0,3.0,115.5,2.0,120.03,1.0,112.5,1.0,120.06,1.0,112.47,1.0,122.0,2.0,112.44,1.0,123.25,1.0,100.0,1.0,124.0,1.0,52.0,1.0,,,48.0,3.0,,,,,,,,,,
17,Germany_Baseload#19#0#10000106,2021-10-12 06:06:04.431000,120.0,1.0,120.0,2.0,115.5,2.0,120.03,1.0,112.5,1.0,120.06,1.0,112.47,1.0,122.0,2.0,112.44,1.0,123.25,1.0,100.0,1.0,124.0,1.0,52.0,1.0,,,48.0,3.0,,,,,,,,,,
18,Germany_Baseload#19#0#10000106,2021-10-12 06:06:04.474000,120.0,1.0,120.0,2.0,115.5,2.0,120.03,1.0,112.5,1.0,122.0,2.0,112.47,1.0,123.25,1.0,112.44,1.0,124.0,1.0,100.0,1.0,,,52.0,1.0,,,48.0,3.0,,,,,,,,,,
19,Germany_Baseload#19#0#10000106,2021-10-12 06:06:04.474000,120.0,1.0,120.0,2.0,115.5,2.0,122.0,2.0,112.5,1.0,123.25,1.0,112.47,1.0,124.0,1.0,112.44,1.0,,,100.0,1.0,,,52.0,1.0,,,48.0,3.0,,,,,,,,,,
20,Germany_Baseload#19#0#10000106,2021-10-12 06:06:56.751000,120.0,1.0,120.0,2.0,115.5,2.0,122.0,2.0,115.0,1.0,123.25,1.0,112.5,1.0,124.0,1.0,112.47,1.0,,,112.44,1.0,,,100.0,1.0,,,52.0,1.0,,,48.0,3.0,,,,,,
21,Germany_Baseload#19#0#10000106,2021-10-12 06:07:07.124000,120.0,1.0,120.0,1.0,115.5,2.0,122.0,2.0,115.0,1.0,123.25,1.0,112.5,1.0,124.0,1.0,112.47,1.0,,,112.44,1.0,,,100.0,1.0,,,52.0,1.0,,,48.0,3.0,,,,,,
22,Germany_Baseload#19#0#10000106,2021-10-12 06:07:21.024000,120.0,1.0,120.0,1.0,115.5,2.0,120.5,2.0,115.0,1.0,122.0,2.0,112.5,1.0,123.25,1.0,112.47,1.0,124.0,1.0,112.44,1.0,,,100.0,1.0,,,52.0,1.0,,,48.0,3.0,,,,,,
23,Germany_Baseload#19#0#10000106,2021-10-12 06:08:15.757000,120.0,1.0,120.0,1.0,115.75,1.0,120.5,2.0,115.5,2.0,122.0,2.0,115.0,1.0,123.25,1.0,112.5,1.0,124.0,1.0,112.47,1.0,,,112.44,1.0,,,100.0,1.0,,,52.0,1.0,,,48.0,3.0,,
24,Germany_Baseload#19#0#10000106,2021-10-12 06:08:37.341000,120.0,1.0,120.0,1.0,116.0,3.0,120.5,2.0,115.5,2.0,122.0,2.0,115.0,1.0,123.25,1.0,112.5,1.0,124.0,1.0,112.47,1.0,,,112.44,1.0,,,100.0,1.0,,,52.0,1.0,,,48.0,3.0,,
25,Germany_Baseload#19#0#10000106,2021-10-12 06:08:46.474000,120.0,1.0,119.0,1.0,116.0,3.0,120.0,1.0,115.5,2.0,120.5,2.0,115.0,1.0,122.0,2.0,112.5,1.0,123.25,1.0,112.47,1.0,124.0,1.0,112.44,1.0,,,100.0,1.0,,,52.0,1.0,,,48.0,3.0,,
26,Germany_Baseload#19#0#10000106,2021-10-12 06:09:17.621000,120.0,1.0,119.0,2.0,116.0,3.0,120.0,1.0,115.5,2.0,120.5,2.0,115.0,1.0,122.0,2.0,112.5,1.0,123.25,1.0,112.47,1.0,124.0,1.0,112.44,1.0,,,100.0,1.0,,,52.0,1.0,,,48.0,3.0,,
27,Germany_Baseload#19#0#10000106,2021-10-12 06:11:31.493000,120.0,1.0,119.0,2.0,116.0,4.0,120.0,1.0,115.5,2.0,120.5,2.0,115.0,1.0,122.0,2.0,112.5,1.0,123.25,1.0,112.47,1.0,124.0,1.0,112.44,1.0,,,100.0,1.0,,,52.0,1.0,,,48.0,3.0,,
28,Germany_Baseload#19#0#10000106,2021-10-12 06:12:28.545000,120.0,1.0,119.0,2.0,116.0,4.0,120.0,1.0,115.5,2.0,120.5,2.0,115.0,1.0,122.0,2.0,112.5,1.0,123.25,1.0,112.47,1.0,124.0,1.0,112.44,1.0,,,100.0,1.0,,,52.0,1.0,,,48.0,3.0,,
29,Germany_Baseload#19#0#10000106,2021-10-12 06:12:28.592000,120.0,1.0,119.0,2.0,116.0,4.0,120.0,1.0,115.5,2.0,120.03,1.0,115.0,1.0,120.5,2.0,112.5,1.0,122.0,2.0,112.47,1.0,123.25,1.0,112.44,1.0,124.0,1.0,100.0,1.0,,,52.0,1.0,,,48.0,3.0,,
30,Germany_Baseload#19#0#10000106,2021-10-12 06:12:28.623000,120.0,1.0,119.0,2.0,116.0,4.0,120.0,1.0,115.5,2.0,120.03,1.0,115.0,1.0,120.06,1.0,112.5,1.0,120.5,2.0,112.47,1.0,122.0,2.0,112.44,1.0,123.25,1.0,100.0,1.0,124.0,1.0,52.0,1.0,,,48.0,3.0,,
31,Germany_Baseload#19#0#10000106,2021-10-12 06:13:47.798000,120.0,1.0,119.0,2.0,116.0,4.0,120.0,1.0,115.5,2.0,120.03,1.0,115.0,1.0,120.06,1.0,112.5,1.0,120.5,2.0,112.47,1.0,122.0,2.0,112.44,1.0,123.25,1.0,100.0,1.0,124.0,1.0,52.0,1.0,,,48.0,3.0,,
32,Germany_Baseload#19#0#10000106,2021-10-12 06:14:31.263000,120.0,1.0,119.0,1.0,116.0,4.0,120.0,1.0,115.5,2.0,120.03,1.0,115.0,1.0,120.06,1.0,112.5,1.0,120.5,2.0,112.47,1.0,122.0,2.0,112.44,1.0,123.25,1.0,100.0,1.0,124.0,1.0,52.0,1.0,,,48.0,3.0,,
33,Germany_Baseload#19#0#10000106,2021-10-12 06:16:00.215000,120.0,1.0,119.0,1.0,116.0,4.0,120.0,3.0,115.5,2.0,120.03,1.0,115.0,1.0,120.06,1.0,112.5,1.0,120.5,2.0,112.47,1.0,122.0,2.0,112.44,1.0,123.25,1.0,100.0,1.0,124.0,1.0,52.0,1.0,,,48.0,3.0,,
34,Germany_Baseload#19#0#10000106,2021-10-12 06:18:10.929000,120.0,1.0,119.0,1.0,116.25,3.0,120.0,3.0,116.0,1.0,120.03,1.0,115.5,2.0,120.06,1.0,115.0,1.0,120.5,2.0,112.5,1.0,122.0,2.0,112.47,1.0,123.25,1.0,112.44,1.0,124.0,1.0,100.0,1.0,,,52.0,1.0,,
35,Germany_Baseload#19#0#10000106,2021-10-12 06:19:00.112000,120.0,1.0,119.0,1.0,116.25,3.0,120.0,3.0,116.0,1.0,120.03,1.0,115.5,2.0,120.06,1.0,115.0,1.0,120.5,2.0,112.5,1.0,122.0,2.0,112.47,1.0,123.25,1.0,112.44,1.0,124.0,1.0,100.0,1.0,125.5,1.0,52.0,1.0,,
36,Germany_Baseload#19#0#10000106,2021-10-12 06:19:44.281000,120.0,1.0,119.0,1.0,116.25,3.0,120.0,3.0,116.0,1.0,120.03,1.0,115.5,2.0,120.06,1.0,112.5,1.0,120.5,2.0,112.47,1.0,122.0,2.0,112.44,1.0,123.25,1.0,100.0,1.0,124.0,1.0,52.0,1.0,125.5,1.0,48.0,3.0,,
37,Germany_Baseload#19#0#10000106,2021-10-12 06:19:54.317000,120.0,1.0,119.0,1.0,116.25,3.0,120.0,3.0,116.0,1.0,120.03,1.0,115.5,2.0,120.06,1.0,112.5,1.0,120.5,2.0,112.47,1.0,122.0,2.0,112.44,1.0,123.25,1.0,100.0,1.0,124.0,1.0,52.0,1.0,125.5,1.0,48.0,3.0,,
38,Germany_Baseload#19#0#10000106,2021-10-12 06:20:00.519000,120.0,1.0,119.0,1.0,116.25,3.0,120.0,3.0,116.0,1.0,120.03,1.0,115.5,2.0,120.06,1.0,112.5,1.0,120.5,2.0,112.47,1.0,122.0,2.0,112.44,1.0,123.25,1.0,100.0,1.0,124.0,1.0,52.0,1.0,125.5,1.0,48.0,3.0,,
39,Germany_Baseload#19#0#10000106,2021-10-12 06:20:04.331000,120.0,1.0,118.88,1.0,116.25,3.0,119.0,1.0,116.0,1.0,120.0,3.0,115.5,2.0,120.03,1.0,112.5,1.0,120.06,1.0,112.47,1.0,120.5,2.0,112.44,1.0,122.0,2.0,100.0,1.0,123.25,1.0,52.0,1.0,124.0,1.0,48.0,3.0,125.5,1.0
40,Germany_Baseload#19#0#10000106,2021-10-12 06:20:13.683000,120.0,1.0,118.88,1.0,116.25,3.0,119.0,1.0,116.0,1.0,120.0,3.0,115.5,2.0,120.03,1.0,112.5,1.0,120.06,1.0,112.47,1.0,120.5,2.0,112.44,1.0,122.0,2.0,100.0,1.0,123.25,1.0,52.0,1.0,124.0,1.0,48.0,3.0,125.5,1.0
41,Germany_Baseload#19#0#10000106,2021-10-12 06:23:21.899000,120.0,1.0,118.88,1.0,116.25,3.0,119.0,1.0,116.0,1.0,120.0,1.0,115.5,2.0,120.03,1.0,112.5,1.0,120.06,1.0,112.47,1.0,120.5,2.0,112.44,1.0,122.0,2.0,100.0,1.0,123.25,1.0,52.0,1.0,124.0,1.0,48.0,3.0,125.5,1.0
42,Germany_Baseload#19#0#10000106,2021-10-12 06:23:46.603000,120.0,1.0,118.88,1.0,116.25,3.0,119.0,1.0,116.0,1.0,119.75,1.0,115.5,2.0,120.0,1.0,112.5,1.0,120.03,1.0,112.47,1.0,120.06,1.0,112.44,1.0,120.5,2.0,100.0,1.0,122.0,2.0,52.0,1.0,123.25,1.0,48.0,3.0,124.0,1.0
43,Germany_Baseload#19#0#10000106,2021-10-12 06:23:53.469000,120.0,1.0,118.88,1.0,116.25,3.0,119.0,1.0,116.0,1.0,119.75,1.0,115.5,2.0,120.0,1.0,112.5,1.0,120.03,1.0,112.47,1.0,120.06,1.0,112.44,1.0,120.5,2.0,100.0,1.0,122.0,1.0,52.0,1.0,123.25,1.0,48.0,3.0,124.0,1.0
44,Germany_Baseload#19#0#10000106,2021-10-12 06:23:56.172000,120.0,1.0,118.88,1.0,116.25,1.0,119.0,1.0,116.0,1.0,119.75,1.0,115.5,2.0,120.0,1.0,112.5,1.0,120.03,1.0,112.47,1.0,120.06,1.0,112.44,1.0,120.5,2.0,100.0,1.0,122.0,1.0,52.0,1.0,123.25,1.0,48.0,3.0,124.0,1.0
45,Germany_Baseload#19#0#10000106,2021-10-12 06:24:30.876000,120.0,1.0,118.88,1.0,116.25,1.0,119.0,1.0,116.0,1.0,119.75,1.0,115.5,2.0,120.0,1.0,115.0,1.0,120.03,1.0,112.5,1.0,120.06,1.0,112.47,1.0,120.5,2.0,112.44,1.0,122.0,1.0,100.0,1.0,123.25,1.0,52.0,1.0,124.0,1.0
46,Germany_Baseload#19#0#10000106,2021-10-12 06:28:56.528000,120.0,1.0,118.88,1.0,116.25,1.0,119.0,1.0,116.0,1.0,119.75,1.0,115.5,2.0,120.0,1.0,115.0,1.0,120.03,1.0,112.5,1.0,120.06,1.0,112.47,1.0,120.5,2.0,112.44,1.0,122.0,1.0,100.0,1.0,123.25,1.0,52.0,1.0,124.0,1.0
47,Germany_Baseload#19#0#10000106,2021-10-12 06:29:55.778000,120.0,1.0,118.88,1.0,116.25,1.0,119.0,1.0,116.0,1.0,119.75,1.0,115.5,2.0,120.0,1.0,115.0,1.0,120.03,1.0,112.5,1.0,120.06,1.0,112.47,1.0,120.5,2.0,112.44,1.0,122.0,1.0,100.0,1.0,123.25,1.0,52.0,1.0,124.0,1.0
48,Germany_Baseload#19#0#10000106,2021-10-12 06:30:07.076000,120.0,1.0,118.88,1.0,116.3,1.0,119.0,1.0,116.25,4.0,119.75,1.0,116.0,1.0,120.0,1.0,115.5,2.0,120.03,1.0,115.0,1.0,120.06,1.0,112.5,1.0,120.5,2.0,112.47,1.0,122.0,1.0,112.44,1.0,123.25,1.0,100.0,1.0,124.0,1.0
49,Germany_Baseload#19#0#10000106,2021-10-12 06:32:15.604000,120.0,1.0,118.88,1.0,116.5,1.0,119.0,1.0,116.25,4.0,119.75,1.0,116.0,1.0,120.0,1.0,115.5,2.0,120.03,1.0,115.0,1.0,120.06,1.0,112.5,1.0,120.5,2.0,112.47,1.0,122.0,1.0,112.44,1.0,123.25,1.0,100.0,1.0,124.0,1.0
50,Germany_Baseload#19#0#10000106,2021-10-12 06:32:34.543000,120.0,1.0,118.88,1.0,116.5,1.0,119.0,1.0,116.25,4.0,119.75,1.0,116.0,1.0,120.0,1.0,115.5,2.0,120.03,1.0,115.0,1.0,120.06,1.0,112.5,1.0,120.5,2.0,112.47,1.0,122.0,1.0,112.44,1.0,123.25,1.0,100.0,1.0,124.0,1.0
51,Germany_Baseload#19#0#10000106,2021-10-12 06:32:41.335000,120.0,1.0,118.88,1.0,116.5,1.0,119.0,1.0,116.25,4.0,119.75,1.0,116.0,1.0,120.0,1.0,115.5,2.0,120.03,1.0,115.0,1.0,120.06,1.0,112.5,1.0,120.5,2.0,112.47,1.0,122.0,1.0,112.44,1.0,123.25,1.0,100.0,1.0,124.0,1.0
52,Germany_Baseload#19#0#10000106,2021-10-12 06:32:42.899000,120.0,1.0,118.88,1.0,116.5,1.0,119.0,1.0,116.25,4.0,119.75,1.0,116.0,1.0,120.0,1.0,115.5,2.0,120.03,1.0,115.0,2.0,120.06,1.0,112.5,1.0,120.5,2.0,112.47,1.0,122.0,1.0,112.44,1.0,123.25,1.0,100.0,1.0,124.0,1.0
53,Germany_Baseload#19#0#10000106,2021-10-12 06:32:49.444000,120.0,1.0,118.88,1.0,116.5,1.0,119.0,1.0,116.25,4.0,119.75,1.0,116.0,1.0,120.0,1.0,115.5,2.0,120.03,1.0,115.0,2.0,120.06,1.0,112.5,1.0,120.5,2.0,112.47,1.0,122.0,1.0,112.44,1.0,123.25,1.0,107.2,5.0,124.0,1.0
54,Germany_Baseload#19#0#10000106,2021-10-12 06:33:38.163000,120.0,1.0,118.88,1.0,116.5,1.0,119.0,1.0,116.25,4.0,119.75,1.0,116.0,1.0,120.0,1.0,115.5,2.0,120.03,1.0,115.0,2.0,120.06,1.0,112.5,1.0,120.5,2.0,112.47,1.0,122.0,1.0,112.44,1.0,123.25,1.0,107.2,5.0,124.0,1.0
55,Germany_Baseload#19#0#10000106,2021-10-12 06:33:38.305000,120.0,1.0,118.88,1.0,116.5,1.0,119.0,1.0,116.25,4.0,119.75,1.0,116.0,1.0,120.0,1.0,115.5,2.0,120.03,1.0,115.0,2.0,120.06,1.0,112.5,1.0,120.5,2.0,112.47,1.0,122.0,1.0,112.44,1.0,123.25,1.0,100.0,1.0,124.0,1.0
56,Germany_Baseload#19#0#10000106,2021-10-12 06:33:38.363000,120.0,1.0,118.88,1.0,116.5,1.0,119.0,1.0,116.25,4.0,119.75,1.0,116.0,1.0,120.0,1.0,115.5,2.0,120.03,1.0,115.0,2.0,120.06,1.0,112.5,1.0,120.5,2.0,112.47,1.0,122.0,1.0,112.44,1.0,123.25,1.0,100.0,1.0,124.0,1.0
57,Germany_Baseload#19#0#10000106,2021-10-12 06:33:42.548000,120.0,1.0,118.88,1.0,116.5,1.0,119.0,1.0,116.25,4.0,119.75,1.0,116.0,1.0,120.0,1.0,115.5,2.0,120.03,1.0,115.0,2.0,120.06,1.0,112.5,1.0,120.5,2.0,112.47,1.0,122.0,1.0,112.44,1.0,123.25,1.0,100.0,1.0,124.0,1.0
58,Germany_Baseload#19#0#10000106,2021-10-12 06:34:03.613000,120.0,1.0,118.88,1.0,116.5,1.0,119.0,1.0,116.25,4.0,119.75,1.0,116.0,1.0,120.0,1.0,115.5,2.0,120.03,1.0,115.0,2.0,120.06,1.0,112.5,1.0,120.5,2.0,112.47,1.0,122.0,1.0,112.44,1.0,123.25,1.0,107.2,5.0,124.0,1.0
59,Germany_Baseload#19#0#10000106,2021-10-12 06:34:49.811000,120.0,1.0,118.88,1.0,116.5,1.0,119.0,1.0,116.25,4.0,119.75,1.0,116.0,1.0,120.0,1.0,115.5,2.0,120.03,1.0,115.0,2.0,120.06,1.0,112.5,1.0,120.5,2.0,112.47,1.0,122.0,1.0,112.44,1.0,123.25,1.0,100.0,1.0,124.0,1.0
60,Germany_Baseload#19#0#10000106,2021-10-12 06:35:09.579000,120.0,1.0,118.88,1.0,116.5,1.0,119.0,1.0,116.25,4.0,119.75,1.0,116.0,1.0,120.0,1.0,115.5,1.0,120.03,1.0,115.0,1.0,120.06,1.0,112.5,1.0,120.5,2.0,112.47,1.0,122.0,1.0,112.44,1.0,123.25,1.0,100.0,1.0,124.0,1.0
61,Germany_Baseload#19#0#10000106,2021-10-12 06:35:12.380000,120.0,1.0,118.88,1.0,116.5,1.0,119.0,1.0,116.25,4.0,119.75,1.0,116.0,1.0,120.0,1.0,115.5,1.0,120.03,1.0,115.0,1.0,120.06,1.0,112.5,1.0,120.5,2.0,112.47,1.0,122.0,1.0,112.44,1.0,123.25,1.0,100.0,1.0,124.0,1.0
62,Germany_Baseload#19#0#10000106,2021-10-12 06:35:33.644000,120.0,1.0,118.88,1.0,116.5,1.0,119.0,1.0,116.25,4.0,119.75,1.0,116.0,1.0,120.0,1.0,115.5,1.0,120.03,1.0,115.0,1.0,120.06,1.0,112.5,1.0,122.0,1.0,112.47,1.0,123.25,1.0,112.44,1.0,124.0,1.0,100.0,1.0,125.5,1.0
63,Germany_Baseload#19#0#10000106,2021-10-12 06:35:33.664000,120.0,1.0,118.75,2.0,116.5,1.0,118.88,1.0,116.25,4.0,119.0,1.0,116.0,1.0,119.75,1.0,115.5,1.0,120.0,1.0,115.0,1.0,120.03,1.0,112.5,1.0,120.06,1.0,112.47,1.0,122.0,1.0,112.44,1.0,123.25,1.0,100.0,1.0,124.0,1.0
64,Germany_Baseload#19#0#10000106,2021-10-12 06:35:48.779000,120.0,1.0,118.75,2.0,116.5,1.0,118.88,1.0,116.25,4.0,119.0,1.0,116.0,1.0,119.75,1.0,115.5,2.0,120.0,1.0,115.0,1.0,120.03,1.0,112.5,1.0,120.06,1.0,112.47,1.0,122.0,1.0,112.44,1.0,123.25,1.0,100.0,1.0,124.0,1.0
65,Germany_Baseload#19#0#10000106,2021-10-12 06:37:08.172000,120.0,1.0,118.75,2.0,116.5,1.0,118.88,1.0,116.25,4.0,119.0,1.0,116.0,1.0,119.75,1.0,115.5,2.0,120.0,1.0,115.0,1.0,120.03,1.0,112.5,1.0,120.06,1.0,112.47,1.0,122.0,1.0,112.44,1.0,123.25,1.0,100.0,1.0,124.0,1.0
66,Germany_Baseload#19#0#10000106,2021-10-12 06:37:13.232000,120.0,1.0,118.75,2.0,116.5,1.0,118.88,1.0,116.25,4.0,119.0,1.0,116.0,1.0,119.75,1.0,115.5,2.0,120.0,1.0,115.0,1.0,120.03,1.0,112.5,1.0,120.06,1.0,112.47,1.0,122.0,1.0,112.44,1.0,123.25,1.0,100.0,1.0,124.0,1.0
67,Germany_Baseload#19#0#10000106,2021-10-12 06:37:50.570000,120.0,1.0,118.75,2.0,117.0,1.0,118.88,1.0,116.5,1.0,119.0,1.0,116.25,4.0,119.75,1.0,116.0,1.0,120.0,1.0,115.5,2.0,120.03,1.0,115.0,1.0,120.06,1.0,112.5,1.0,122.0,1.0,112.47,1.0,123.25,1.0,112.44,1.0,124.0,1.0
68,Germany_Baseload#19#0#10000106,2021-10-12 06:38:20.659000,120.0,1.0,118.69,1.0,117.0,1.0,118.75,2.0,116.5,1.0,118.88,1.0,116.25,4.0,119.0,1.0,116.0,1.0,119.75,1.0,115.5,2.0,120.0,1.0,115.0,1.0,120.03,1.0,112.5,1.0,120.06,1.0,112.47,1.0,122.0,1.0,112.44,1.0,123.25,1.0
69,Germany_Baseload#19#0#10000106,2021-10-12 06:38:30.778000,120.0,1.0,118.69,1.0,116.5,1.0,118.75,2.0,116.25,4.0,118.88,1.0,116.0,1.0,119.0,1.0,115.5,2.0,119.75,1.0,115.0,1.0,120.0,1.0,112.5,1.0,120.03,1.0,112.47,1.0,120.06,1.0,112.44,1.0,122.0,1.0,100.0,1.0,123.25,1.0
70,Germany_Baseload#19#0#10000106,2021-10-12 06:38:31.301000,120.0,1.0,118.69,1.0,117.0,1.0,118.75,2.0,116.5,1.0,118.88,1.0,116.25,4.0,119.0,1.0,116.0,1.0,119.75,1.0,115.5,2.0,120.0,1.0,115.0,1.0,120.03,1.0,112.5,1.0,120.06,1.0,112.47,1.0,122.0,1.0,112.44,1.0,123.25,1.0
71,Germany_Baseload#19#0#10000106,2021-10-12 06:38:31.548000,120.0,1.0,118.69,1.0,117.0,1.0,118.75,2.0,116.85,1.0,118.88,1.0,116.5,1.0,119.0,1.0,116.25,4.0,119.75,1.0,116.0,1.0,120.0,1.0,115.5,2.0,120.03,1.0,115.0,1.0,120.06,1.0,112.5,1.0,122.0,1.0,112.47,1.0,123.25,1.0
72,Germany_Baseload#19#0#10000106,2021-10-12 06:38:32.079000,120.0,1.0,118.69,1.0,117.0,1.0,118.75,2.0,116.5,1.0,118.88,1.0,116.35,1.0,119.0,1.0,116.25,4.0,119.75,1.0,116.0,1.0,120.0,1.0,115.5,2.0,120.03,1.0,115.0,1.0,120.06,1.0,112.5,1.0,122.0,1.0,112.47,1.0,123.25,1.0
73,Germany_Baseload#19#0#10000106,2021-10-12 06:38:42.101000,120.0,1.0,118.69,1.0,117.0,1.0,118.75,2.0,116.75,1.0,118.88,1.0,116.5,1.0,119.0,1.0,116.35,1.0,119.75,1.0,116.25,4.0,120.0,1.0,116.0,1.0,120.03,1.0,115.5,2.0,120.06,1.0,115.0,1.0,122.0,1.0,112.5,1.0,123.25,1.0
74,Germany_Baseload#19#0#10000106,2021-10-12 06:38:51.985000,120.0,1.0,118.69,1.0,117.0,1.0,118.75,2.0,116.75,1.0,118.88,1.0,116.5,1.0,119.0,1.0,116.35,1.0,119.75,1.0,116.25,4.0,120.0,1.0,116.0,1.0,120.03,1.0,115.5,2.0,120.06,1.0,115.0,1.0,122.0,1.0,112.5,1.0,123.25,1.0
75,Germany_Baseload#19#0#10000106,2021-10-12 06:39:29.481000,120.0,1.0,118.69,1.0,117.0,1.0,118.75,2.0,116.75,1.0,118.88,1.0,116.5,1.0,119.0,1.0,116.35,1.0,119.75,1.0,116.25,4.0,120.0,1.0,116.0,1.0,120.03,1.0,115.5,2.0,120.06,1.0,115.0,1.0,122.0,1.0,112.5,1.0,123.25,1.0
76,Germany_Baseload#19#0#10000106,2021-10-12 06:39:31.454000,120.0,1.0,118.69,1.0,117.0,1.0,118.75,2.0,116.75,1.0,118.88,1.0,116.35,1.0,119.0,1.0,116.25,4.0,119.75,1.0,116.0,1.0,120.0,1.0,115.5,2.0,120.03,1.0,115.0,1.0,120.06,1.0,112.5,1.0,122.0,1.0,112.47,1.0,123.25,1.0
77,Germany_Baseload#19#0#10000106,2021-10-12 06:39:35.394000,120.0,1.0,118.69,1.0,117.25,3.0,118.75,2.0,117.0,1.0,118.88,1.0,116.75,1.0,119.0,1.0,116.35,1.0,119.75,1.0,116.25,4.0,120.0,1.0,116.0,1.0,120.03,1.0,115.5,2.0,120.06,1.0,115.0,1.0,122.0,1.0,112.5,1.0,123.25,1.0
78,Germany_Baseload#19#0#10000106,2021-10-12 06:39:50.084000,120.0,1.0,118.69,1.0,117.25,4.0,118.75,2.0,116.75,1.0,118.88,1.0,116.35,1.0,119.0,1.0,116.25,4.0,119.75,1.0,116.0,1.0,120.0,1.0,115.5,2.0,120.03,1.0,115.0,1.0,120.06,1.0,112.5,1.0,122.0,1.0,112.47,1.0,123.25,1.0
79,Germany_Baseload#19#0#10000106,2021-10-12 06:39:51.038000,120.0,1.0,118.69,1.0,117.25,4.0,118.75,2.0,116.75,1.0,118.88,1.0,116.35,1.0,119.0,1.0,116.25,4.0,119.75,1.0,116.0,1.0,120.0,1.0,115.5,2.0,120.03,1.0,115.0,1.0,120.06,1.0,112.5,1.0,122.0,1.0,112.47,1.0,123.25,1.0
80,Germany_Baseload#19#0#10000106,2021-10-12 06:40:15.296000,120.0,1.0,118.69,1.0,117.25,4.0,118.75,2.0,116.75,1.0,118.88,1.0,116.35,1.0,119.0,1.0,116.25,4.0,119.75,1.0,116.0,1.0,120.0,1.0,115.5,1.0,120.03,1.0,115.0,1.0,120.06,1.0,112.5,1.0,122.0,1.0,112.47,1.0,123.25,1.0
81,Germany_Baseload#19#0#10000106,2021-10-12 06:40:36.991000,120.0,1.0,118.69,1.0,117.25,4.0,118.75,2.0,117.0,1.0,118.88,1.0,116.35,1.0,119.0,1.0,116.25,4.0,119.75,1.0,116.0,1.0,120.0,1.0,115.5,1.0,120.03,1.0,115.0,1.0,120.06,1.0,112.5,1.0,122.0,1.0,112.47,1.0,123.25,1.0
82,Germany_Baseload#19#0#10000106,2021-10-12 06:41:00.081000,120.0,1.0,118.69,1.0,117.25,1.0,118.75,2.0,117.0,1.0,118.88,1.0,116.75,3.0,119.0,1.0,116.35,1.0,119.75,1.0,116.25,4.0,120.0,1.0,116.0,1.0,120.03,1.0,115.5,1.0,120.06,1.0,115.0,1.0,122.0,1.0,112.5,1.0,123.25,1.0
83,Germany_Baseload#19#0#10000106,2021-10-12 06:41:13.595000,120.0,1.0,118.69,1.0,117.25,1.0,118.75,2.0,117.0,1.0,118.88,1.0,116.75,3.0,119.0,1.0,116.35,1.0,119.75,1.0,116.25,4.0,120.0,1.0,116.0,1.0,120.03,1.0,115.5,1.0,120.06,1.0,115.0,1.0,122.0,1.0,112.5,1.0,123.25,1.0
84,Germany_Baseload#19#0#10000106,2021-10-12 06:41:13.800000,120.0,1.0,118.69,1.0,117.25,1.0,118.75,2.0,117.0,1.0,118.88,1.0,116.75,3.0,119.0,1.0,116.35,1.0,119.75,1.0,116.25,4.0,120.0,1.0,116.0,1.0,120.03,1.0,115.5,1.0,120.06,1.0,115.0,1.0,122.0,1.0,112.5,1.0,123.25,1.0
85,Germany_Baseload#19#0#10000106,2021-10-12 06:42:35.613000,120.0,1.0,118.69,1.0,117.25,1.0,118.75,2.0,117.0,1.0,118.88,1.0,116.75,3.0,119.0,1.0,116.35,1.0,119.75,1.0,116.25,4.0,120.0,1.0,116.05,1.0,120.03,1.0,116.0,1.0,120.06,1.0,115.5,1.0,122.0,1.0,115.0,1.0,123.25,1.0
86,Germany_Baseload#19#0#10000106,2021-10-12 06:43:26.792000,120.0,1.0,118.69,1.0,117.25,1.0,118.75,2.0,117.0,1.0,118.88,1.0,116.75,3.0,119.0,1.0,116.35,1.0,119.75,1.0,116.25,4.0,120.0,1.0,116.05,1.0,120.03,1.0,116.0,1.0,120.06,1.0,115.5,1.0,122.0,1.0,115.0,1.0,123.25,1.0
87,Germany_Baseload#19#0#10000106,2021-10-12 06:43:31.187000,120.0,1.0,118.69,1.0,117.25,1.0,118.75,2.0,117.0,1.0,118.88,1.0,116.75,3.0,119.0,1.0,116.35,1.0,119.75,1.0,116.25,4.0,120.0,1.0,116.05,1.0,120.03,1.0,116.0,1.0,120.06,1.0,115.5,1.0,122.0,1.0,115.0,1.0,123.25,1.0
88,Germany_Baseload#19#0#10000106,2021-10-12 06:43:34.462000,120.0,1.0,118.69,1.0,117.25,1.0,118.75,2.0,117.0,1.0,118.88,1.0,116.75,3.0,119.0,1.0,116.35,1.0,119.75,1.0,116.25,4.0,120.0,1.0,116.05,1.0,120.03,1.0,116.0,1.0,120.06,1.0,115.5,1.0,122.0,1.0,115.0,1.0,123.25,1.0
89,Germany_Baseload#19#0#10000106,2021-10-12 06:43:45.481000,120.0,1.0,118.69,1.0,117.25,1.0,118.75,2.0,117.0,1.0,118.88,1.0,116.75,3.0,119.0,1.0,116.35,1.0,119.75,1.0,116.25,4.0,120.0,1.0,116.05,1.0,120.03,1.0,116.0,1.0,120.06,1.0,115.5,1.0,122.0,1.0,115.0,1.0,123.25,1.0
90,Germany_Baseload#19#0#10000106,2021-10-12 06:43:47.169000,120.0,1.0,118.69,1.0,117.25,1.0,118.75,2.0,117.0,1.0,118.88,1.0,116.75,3.0,119.0,1.0,116.35,1.0,119.75,1.0,116.25,4.0,120.0,1.0,116.05,1.0,120.03,1.0,116.0,1.0,120.06,1.0,115.5,1.0,122.0,1.0,115.0,1.0,123.25,1.0
91,Germany_Baseload#19#0#10000106,2021-10-12 06:44:05.595000,120.0,1.0,118.69,1.0,117.5,1.0,118.75,2.0,117.25,1.0,118.88,1.0,117.0,1.0,119.0,1.0,116.75,3.0,119.75,1.0,116.35,1.0,120.0,1.0,116.25,4.0,120.03,1.0,116.05,1.0,120.06,1.0,116.0,1.0,122.0,1.0,115.5,1.0,123.25,1.0
92,Germany_Baseload#19#0#10000106,2021-10-12 06:44:23.437000,120.0,1.0,118.69,1.0,117.5,2.0,118.75,2.0,117.0,1.0,118.88,1.0,116.75,3.0,119.0,1.0,116.35,1.0,119.75,1.0,116.25,4.0,120.0,1.0,116.05,1.0,120.03,1.0,116.0,1.0,120.06,1.0,115.5,1.0,122.0,1.0,115.0,1.0,123.25,1.0
93,Germany_Baseload#19#0#10000106,2021-10-12 06:44:23.901000,120.0,1.0,118.69,1.0,117.5,2.0,118.75,2.0,117.0,3.0,118.88,1.0,116.75,3.0,119.0,1.0,116.35,1.0,119.75,1.0,116.25,1.0,120.0,1.0,116.05,1.0,120.03,1.0,116.0,1.0,120.06,1.0,115.5,1.0,122.0,1.0,115.0,1.0,123.25,1.0
94,Germany_Baseload#19#0#10000106,2021-10-12 06:44:32.697000,120.0,1.0,118.69,1.0,117.5,2.0,118.75,2.0,117.0,3.0,118.88,1.0,116.75,3.0,119.0,1.0,116.35,1.0,119.75,1.0,116.25,1.0,120.0,1.0,116.05,1.0,120.03,1.0,116.0,1.0,120.06,1.0,115.5,1.0,122.0,1.0,115.0,1.0,123.25,1.0
95,Germany_Baseload#19#0#10000106,2021-10-12 06:45:24.953000,120.0,1.0,118.69,1.0,117.5,2.0,118.75,2.0,117.25,1.0,118.88,1.0,117.0,3.0,119.0,1.0,116.75,3.0,119.75,1.0,116.35,1.0,120.0,1.0,116.25,1.0,120.03,1.0,116.05,1.0,120.06,1.0,116.0,1.0,122.0,1.0,115.5,1.0,123.25,1.0
96,Germany_Baseload#19#0#10000106,2021-10-12 06:45:45.657000,120.0,1.0,118.69,1.0,118.0,2.0,118.75,2.0,117.5,2.0,118.88,1.0,117.25,1.0,119.0,1.0,117.0,3.0,119.75,1.0,116.75,3.0,120.0,1.0,116.35,1.0,120.03,1.0,116.25,1.0,120.06,1.0,116.05,1.0,122.0,1.0,116.0,1.0,123.25,1.0
97,Germany_Baseload#19#0#10000106,2021-10-12 06:46:11.789000,120.0,1.0,118.69,1.0,118.0,2.0,118.75,2.0,117.5,1.0,118.88,1.0,117.25,1.0,119.0,1.0,117.0,3.0,119.75,1.0,116.75,3.0,120.0,1.0,116.35,1.0,120.03,1.0,116.25,1.0,120.06,1.0,116.05,1.0,122.0,1.0,116.0,1.0,123.25,1.0
98,Germany_Baseload#19#0#10000106,2021-10-12 06:47:04.219000,120.0,1.0,118.69,1.0,118.0,2.0,118.75,2.0,117.5,1.0,118.88,1.0,117.25,1.0,119.0,1.0,117.0,3.0,119.75,1.0,116.75,3.0,120.0,1.0,116.35,1.0,120.03,1.0,116.25,1.0,120.06,1.0,116.05,1.0,122.0,1.0,116.0,1.0,123.25,1.0
99,Germany_Baseload#19#0#10000106,2021-10-12 06:47:17.002000,120.0,1.0,118.69,1.0,118.0,2.0,118.75,2.0,117.5,1.0,118.88,1.0,117.25,1.0,119.0,1.0,117.0,3.0,119.75,1.0,116.75,3.0,120.0,1.0,116.35,1.0,120.03,1.0,116.25,1.0,120.06,1.0,116.05,1.0,122.0,1.0,116.0,1.0,123.25,1.0
100,Germany_Baseload#19#0#10000106,2021-10-12 06:47:17.560000,120.0,1.0,118.69,1.0,118.0,2.0,118.75,2.0,117.5,1.0,118.88,1.0,117.25,1.0,119.0,1.0,117.0,3.0,119.75,1.0,116.75,3.0,120.0,1.0,116.35,1.0,120.03,1.0,116.25,1.0,120.06,1.0,116.05,1.0,122.0,1.0,116.0,1.0,123.25,1.0
101,Germany_Baseload#19#0#10000106,2021-10-12 06:47:35.410000,120.0,1.0,118.69,1.0,118.0,2.0,118.75,2.0,117.5,1.0,118.88,1.0,117.0,1.0,119.0,1.0,116.75,3.0,119.75,1.0,116.35,1.0,120.0,1.0,116.25,1.0,120.03,1.0,116.05,1.0,120.06,1.0,116.0,1.0,122.0,1.0,115.5,1.0,123.25,1.0
102,Germany_Baseload#19#0#10000106,2021-10-12 06:47:48.982000,120.0,1.0,118.69,1.0,118.0,2.0,118.75,2.0,117.5,1.0,118.88,1.0,117.0,1.0,119.75,1.0,116.75,3.0,120.0,2.0,116.35,1.0,120.03,1.0,116.25,1.0,120.06,1.0,116.05,1.0,122.0,1.0,116.0,1.0,123.25,1.0,115.5,1.0,124.0,1.0
103,Germany_Baseload#19#0#10000106,2021-10-12 06:48:01.131000,120.0,1.0,118.69,1.0,118.0,2.0,118.75,2.0,117.5,1.0,118.88,1.0,117.0,1.0,119.75,1.0,116.75,3.0,120.0,2.0,116.35,1.0,120.03,1.0,116.25,1.0,120.06,1.0,116.05,1.0,122.0,1.0,116.0,1.0,123.25,1.0,115.5,1.0,124.0,1.0
104,Germany_Baseload#19#0#10000106,2021-10-12 06:48:11.041000,120.0,1.0,118.69,1.0,118.0,2.0,118.75,2.0,117.5,1.0,118.88,1.0,117.0,1.0,119.75,1.0,116.75,3.0,120.0,2.0,116.35,1.0,120.03,1.0,116.25,1.0,120.06,1.0,116.05,1.0,122.0,1.0,116.0,1.0,123.25,1.0,115.5,1.0,123.8,5.0
105,Germany_Baseload#19#0#10000106,2021-10-12 06:48:41.419000,120.0,1.0,118.69,1.0,118.0,2.0,118.75,2.0,117.5,1.0,118.88,1.0,117.0,1.0,119.75,1.0,116.75,3.0,120.0,2.0,116.35,1.0,120.03,1.0,116.25,1.0,120.06,1.0,116.05,1.0,122.0,1.0,116.0,1.0,123.25,1.0,115.5,1.0,124.0,1.0
106,Germany_Baseload#19#0#10000106,2021-10-12 06:48:48.825000,120.0,1.0,118.69,1.0,118.0,2.0,118.75,2.0,117.5,1.0,118.88,1.0,117.0,1.0,119.75,1.0,116.75,3.0,120.0,2.0,116.35,1.0,120.03,1.0,116.25,1.0,120.06,1.0,116.05,1.0,122.0,1.0,116.0,1.0,123.25,1.0,115.5,1.0,123.8,5.0
107,Germany_Baseload#19#0#10000106,2021-10-12 06:48:52.058000,120.0,1.0,118.69,1.0,118.0,2.0,118.75,2.0,117.5,1.0,118.88,1.0,117.0,1.0,119.75,1.0,116.75,3.0,120.0,2.0,116.35,1.0,120.03,1.0,116.25,1.0,120.06,1.0,116.05,1.0,122.0,1.0,116.0,1.0,123.25,1.0,115.5,1.0,124.0,1.0
108,Germany_Baseload#19#0#10000106,2021-10-12 06:48:54.703000,120.0,1.0,118.69,1.0,118.0,2.0,118.75,2.0,117.5,1.0,118.88,1.0,117.0,1.0,119.75,1.0,116.75,3.0,120.0,2.0,116.35,1.0,120.03,1.0,116.25,1.0,120.06,1.0,116.05,1.0,122.0,1.0,116.0,1.0,123.25,1.0,115.5,1.0,124.0,1.0
109,Germany_Baseload#19#0#10000106,2021-10-12 06:48:54.875000,120.0,1.0,118.69,1.0,118.0,2.0,118.75,2.0,117.5,1.0,118.88,1.0,117.0,1.0,119.75,1.0,116.75,3.0,120.0,2.0,116.35,1.0,120.03,1.0,116.25,1.0,120.06,1.0,116.05,1.0,122.0,1.0,116.0,1.0,123.25,1.0,115.5,1.0,124.0,1.0
110,Germany_Baseload#19#0#10000106,2021-10-12 06:48:57.869000,120.0,1.0,118.69,1.0,118.0,2.0,118.75,2.0,117.5,1.0,118.88,1.0,117.0,1.0,119.75,1.0,116.75,3.0,120.0,2.0,116.35,1.0,120.03,1.0,116.25,1.0,120.06,1.0,116.05,1.0,122.0,1.0,116.0,1.0,123.25,1.0,115.5,1.0,123.8,5.0
111,Germany_Baseload#19#0#10000106,2021-10-12 06:49:03.077000,120.0,1.0,118.69,1.0,118.0,2.0,118.75,2.0,117.5,1.0,118.88,1.0,117.0,1.0,119.75,1.0,116.75,3.0,120.0,2.0,116.35,1.0,120.03,1.0,116.25,1.0,120.06,1.0,116.05,1.0,122.0,1.0,116.0,1.0,123.25,1.0,115.5,1.0,124.0,5.0
112,Germany_Baseload#19#0#10000106,2021-10-12 06:49:12.115000,120.0,1.0,118.69,1.0,118.0,2.0,118.75,2.0,117.5,1.0,118.88,1.0,117.0,1.0,119.75,1.0,116.75,3.0,120.0,2.0,116.35,1.0,120.03,1.0,116.25,1.0,120.06,1.0,116.05,1.0,122.0,1.0,116.0,1.0,123.25,1.0,115.5,1.0,124.0,1.0
113,Germany_Baseload#19#0#10000106,2021-10-12 06:49:12.376000,120.0,1.0,118.69,1.0,118.0,2.0,118.75,2.0,117.5,1.0,118.88,1.0,117.0,1.0,119.75,1.0,116.75,3.0,120.0,2.0,116.35,1.0,120.03,1.0,116.25,1.0,120.06,1.0,116.05,1.0,122.0,1.0,116.0,1.0,123.25,1.0,115.5,1.0,124.0,5.0
114,Germany_Baseload#19#0#10000106,2021-10-12 06:49:12.782000,120.0,1.0,118.69,1.0,118.0,2.0,118.75,2.0,117.5,1.0,118.88,1.0,117.0,1.0,119.75,1.0,116.75,3.0,120.0,2.0,116.35,1.0,120.03,1.0,116.25,1.0,120.06,1.0,116.05,1.0,122.0,1.0,116.0,1.0,123.25,1.0,115.5,1.0,124.0,5.0
115,Germany_Baseload#19#0#10000106,2021-10-12 06:49:13.352000,120.0,1.0,118.69,1.0,118.0,2.0,118.75,2.0,117.5,1.0,118.88,1.0,117.0,1.0,119.75,1.0,116.75,3.0,120.0,2.0,116.35,1.0,120.03,1.0,116.25,1.0,120.06,1.0,116.05,1.0,122.0,1.0,116.0,1.0,123.25,1.0,115.5,1.0,124.0,1.0
116,Germany_Baseload#19#0#10000106,2021-10-12 06:49:13.544000,120.0,1.0,118.69,1.0,118.0,2.0,118.75,2.0,117.5,1.0,118.88,1.0,117.0,1.0,119.75,1.0,116.75,3.0,120.0,2.0,116.35,1.0,120.03,1.0,116.25,1.0,120.06,1.0,116.05,1.0,122.0,1.0,116.0,1.0,123.25,1.0,115.5,1.0,124.0,1.0
117,Germany_Baseload#19#0#10000106,2021-10-12 06:49:13.958000,120.0,1.0,118.69,1.0,118.0,2.0,118.75,2.0,117.5,1.0,118.88,1.0,117.0,1.0,119.75,1.0,116.75,3.0,120.0,2.0,116.35,1.0,120.03,1.0,116.25,1.0,120.06,1.0,116.05,1.0,122.0,1.0,116.0,1.0,123.25,1.0,115.5,1.0,124.0,1.0
118,Germany_Baseload#19#0#10000106,2021-10-12 06:49:17.106000,120.0,1.0,118.69,1.0,118.0,2.0,118.75,2.0,117.5,1.0,118.88,1.0,117.0,1.0,119.75,1.0,116.75,3.0,120.0,2.0,116.35,1.0,120.03,1.0,116.25,1.0,120.06,1.0,116.05,1.0,122.0,1.0,116.0,1.0,123.25,1.0,115.5,1.0,124.0,1.0
119,Germany_Baseload#19#0#10000106,2021-10-12 06:49:18.784000,120.0,1.0,118.75,4.0,118.0,2.0,118.88,1.0,117.5,1.0,119.75,1.0,117.0,1.0,120.0,2.0,116.75,3.0,120.03,1.0,116.35,1.0,120.06,1.0,116.25,1.0,122.0,1.0,116.05,1.0,123.25,1.0,116.0,1.0,124.0,1.0,115.5,1.0,125.4,5.0
120,Germany_Baseload#19#0#10000106,2021-10-12 06:49:19.586000,120.0,1.0,118.75,2.0,118.0,2.0,118.88,1.0,117.5,1.0,119.75,1.0,117.0,1.0,120.0,2.0,116.75,3.0,120.03,1.0,116.35,1.0,120.06,1.0,116.25,1.0,122.0,1.0,116.05,1.0,123.25,1.0,116.0,1.0,124.0,1.0,115.5,1.0,125.4,5.0
121,Germany_Baseload#19#0#10000106,2021-10-12 06:49:19.620000,120.0,1.0,118.75,2.0,118.0,2.0,118.88,1.0,117.5,1.0,119.0,2.0,117.0,1.0,119.75,1.0,116.75,3.0,120.0,2.0,116.35,1.0,120.03,1.0,116.25,1.0,120.06,1.0,116.05,1.0,122.0,1.0,116.0,1.0,123.25,1.0,115.5,1.0,124.0,1.0
122,Germany_Baseload#19#0#10000106,2021-10-12 06:49:20.222000,120.0,1.0,118.75,2.0,118.0,2.0,118.88,1.0,117.5,1.0,119.0,2.0,117.0,1.0,119.75,1.0,116.75,3.0,120.0,2.0,116.35,1.0,120.03,1.0,116.25,1.0,120.06,1.0,116.05,1.0,122.0,1.0,116.0,1.0,123.25,1.0,115.5,1.0,124.0,5.0
123,Germany_Baseload#19#0#10000106,2021-10-12 06:49:20.378000,120.0,1.0,118.75,2.0,118.0,2.0,118.88,1.0,117.5,1.0,119.0,2.0,117.0,1.0,119.75,1.0,116.75,3.0,120.0,2.0,116.35,1.0,120.03,1.0,116.25,1.0,120.06,1.0,116.05,1.0,122.0,1.0,116.0,1.0,123.25,1.0,115.5,1.0,124.0,1.0
124,Germany_Baseload#19#0#10000106,2021-10-12 06:49:21.342000,120.0,1.0,118.75,2.0,118.0,2.0,118.88,1.0,117.5,1.0,118.89,1.0,117.0,1.0,119.0,2.0,116.75,3.0,119.75,1.0,116.35,1.0,120.0,2.0,116.25,1.0,120.03,1.0,116.05,1.0,120.06,1.0,116.0,1.0,122.0,1.0,115.5,1.0,123.25,1.0
125,Germany_Baseload#19#0#10000106,2021-10-12 06:49:21.671000,120.0,1.0,118.88,1.0,118.0,2.0,118.89,1.0,117.5,1.0,119.0,2.0,117.0,1.0,119.75,1.0,116.75,3.0,120.0,2.0,116.35,1.0,120.03,1.0,116.25,1.0,120.06,1.0,116.05,1.0,122.0,1.0,116.0,1.0,123.25,1.0,115.5,1.0,124.0,1.0
126,Germany_Baseload#19#0#10000106,2021-10-12 06:49:22.246000,120.0,1.0,118.89,1.0,118.0,2.0,119.0,2.0,117.5,1.0,119.75,1.0,117.0,1.0,120.0,2.0,116.75,3.0,120.03,1.0,116.35,1.0,120.06,1.0,116.25,1.0,122.0,1.0,116.05,1.0,123.25,1.0,116.0,1.0,124.0,1.0,115.5,1.0,125.4,5.0
127,Germany_Baseload#19#0#10000106,2021-10-12 06:49:22.332000,120.0,1.0,118.9,1.0,118.0,2.0,119.0,2.0,117.5,1.0,119.75,1.0,117.0,1.0,120.0,2.0,116.75,3.0,120.03,1.0,116.35,1.0,120.06,1.0,116.25,1.0,122.0,1.0,116.05,1.0,123.25,1.0,116.0,1.0,124.0,1.0,115.5,1.0,125.4,5.0
128,Germany_Baseload#19#0#10000106,2021-10-12 06:49:22.532000,120.0,1.0,118.9,1.0,118.0,2.0,118.91,1.0,117.5,1.0,119.0,2.0,117.0,1.0,119.75,1.0,116.75,3.0,120.0,2.0,116.35,1.0,120.03,1.0,116.25,1.0,120.06,1.0,116.05,1.0,122.0,1.0,116.0,1.0,123.25,1.0,115.5,1.0,124.0,1.0
129,Germany_Baseload#19#0#10000106,2021-10-12 06:49:22.533000,120.0,1.0,118.91,1.0,118.0,2.0,119.0,2.0,117.5,1.0,119.75,1.0,117.0,1.0,120.0,2.0,116.75,3.0,120.03,1.0,116.35,1.0,120.06,1.0,116.25,1.0,122.0,1.0,116.05,1.0,123.25,1.0,116.0,1.0,124.0,1.0,115.5,1.0,125.4,5.0
130,Germany_Baseload#19#0#10000106,2021-10-12 06:49:22.737000,120.0,1.0,118.92,1.0,118.0,2.0,119.0,2.0,117.5,1.0,119.75,1.0,117.0,1.0,120.0,2.0,116.75,3.0,120.03,1.0,116.35,1.0,120.06,1.0,116.25,1.0,122.0,1.0,116.05,1.0,123.25,1.0,116.0,1.0,124.0,1.0,115.5,1.0,125.4,5.0
131,Germany_Baseload#19#0#10000106,2021-10-12 06:49:22.929000,120.0,1.0,118.92,1.0,118.0,2.0,118.93,1.0,117.5,1.0,119.0,2.0,117.0,1.0,119.75,1.0,116.75,3.0,120.0,2.0,116.35,1.0,120.03,1.0,116.25,1.0,120.06,1.0,116.05,1.0,122.0,1.0,116.0,1.0,123.25,1.0,115.5,1.0,124.0,1.0
132,Germany_Baseload#19#0#10000106,2021-10-12 06:49:22.930000,120.0,1.0,118.93,1.0,118.0,2.0,119.0,2.0,117.5,1.0,119.75,1.0,117.0,1.0,120.0,2.0,116.75,3.0,120.03,1.0,116.35,1.0,120.06,1.0,116.25,1.0,122.0,1.0,116.05,1.0,123.25,1.0,116.0,1.0,124.0,1.0,115.5,1.0,125.4,5.0
133,Germany_Baseload#19#0#10000106,2021-10-12 06:49:23.133000,120.0,1.0,118.94,1.0,118.0,2.0,119.0,2.0,117.5,1.0,119.75,1.0,117.0,1.0,120.0,2.0,116.75,3.0,120.03,1.0,116.35,1.0,120.06,1.0,116.25,1.0,122.0,1.0,116.05,1.0,123.25,1.0,116.0,1.0,124.0,1.0,115.5,1.0,125.4,5.0
134,Germany_Baseload#19#0#10000106,2021-10-12 06:49:23.331000,120.0,1.0,118.94,1.0,118.0,2.0,118.95,1.0,117.5,1.0,119.0,2.0,117.0,1.0,119.75,1.0,116.75,3.0,120.0,2.0,116.35,1.0,120.03,1.0,116.25,1.0,120.06,1.0,116.05,1.0,122.0,1.0,116.0,1.0,123.25,1.0,115.5,1.0,124.0,1.0
135,Germany_Baseload#19#0#10000106,2021-10-12 06:49:23.332000,120.0,1.0,118.95,1.0,118.0,2.0,119.0,2.0,117.5,1.0,119.75,1.0,117.0,1.0,120.0,2.0,116.75,3.0,120.03,1.0,116.35,1.0,120.06,1.0,116.25,1.0,122.0,1.0,116.05,1.0,123.25,1.0,116.0,1.0,124.0,1.0,115.5,1.0,125.4,5.0
136,Germany_Baseload#19#0#10000106,2021-10-12 06:49:23.453000,120.0,1.0,118.95,1.0,118.0,2.0,119.0,2.0,117.5,1.0,119.75,1.0,117.0,1.0,120.0,2.0,116.75,3.0,120.03,1.0,116.35,1.0,120.06,1.0,116.25,1.0,122.0,1.0,116.05,1.0,123.25,1.0,116.0,1.0,124.0,1.0,115.5,1.0,125.5,1.0
137,Germany_Baseload#19#0#10000106,2021-10-12 06:49:24.466000,120.0,1.0,118.95,1.0,118.0,2.0,119.0,2.0,117.5,1.0,119.75,1.0,117.0,1.0,120.0,2.0,116.75,3.0,120.03,1.0,116.35,1.0,120.06,1.0,116.25,1.0,122.0,1.0,116.05,1.0,123.25,1.0,116.0,1.0,124.0,1.0,115.5,1.0,125.5,1.0
138,Germany_Baseload#19#0#10000106,2021-10-12 06:49:31.387000,120.0,1.0,118.95,1.0,118.0,2.0,119.0,2.0,117.5,1.0,119.75,1.0,117.0,1.0,120.0,1.0,116.75,3.0,120.03,1.0,116.35,1.0,120.06,1.0,116.25,1.0,122.0,1.0,116.05,1.0,123.25,1.0,116.0,1.0,124.0,1.0,115.5,1.0,125.5,1.0
139,Germany_Baseload#19#0#10000106,2021-10-12 06:49:31.418000,120.0,1.0,118.95,1.0,118.0,2.0,119.0,2.0,117.5,1.0,119.75,1.0,117.0,1.0,120.0,1.0,116.75,3.0,122.0,1.0,116.35,1.0,123.25,1.0,116.25,1.0,124.0,1.0,116.05,1.0,125.5,1.0,116.0,1.0,125.53,1.0,115.5,1.0,,
140,Germany_Baseload#19#0#10000106,2021-10-12 06:49:31.434000,120.0,1.0,118.95,1.0,118.0,2.0,119.0,2.0,117.5,1.0,119.75,1.0,117.0,1.0,120.0,1.0,116.75,3.0,122.0,1.0,116.35,1.0,123.25,1.0,116.25,1.0,124.0,1.0,116.05,1.0,125.5,1.0,116.0,1.0,125.53,1.0,115.5,1.0,125.56,1.0
141,Germany_Baseload#19#0#10000106,2021-10-12 06:49:32.317000,120.0,1.0,118.95,1.0,118.0,2.0,119.0,2.0,117.5,1.0,119.75,1.0,117.0,1.0,120.0,1.0,116.75,3.0,120.03,1.0,116.35,1.0,122.0,1.0,116.25,1.0,123.25,1.0,116.05,1.0,124.0,1.0,116.0,1.0,125.5,1.0,115.5,1.0,,
142,Germany_Baseload#19#0#10000106,2021-10-12 06:49:32.317000,120.0,1.0,118.95,1.0,118.0,2.0,119.0,2.0,117.5,1.0,119.75,1.0,117.0,1.0,120.0,1.0,116.75,3.0,122.0,1.0,116.35,1.0,123.25,1.0,116.25,1.0,124.0,1.0,116.05,1.0,125.5,1.0,116.0,1.0,,,115.5,1.0,,
143,Germany_Baseload#19#0#10000106,2021-10-12 06:49:33.457000,120.0,1.0,118.95,1.0,118.0,2.0,119.0,2.0,117.5,1.0,119.75,1.0,117.0,1.0,120.0,1.0,116.75,3.0,122.0,1.0,116.35,1.0,123.25,1.0,116.25,1.0,124.0,5.0,116.05,1.0,125.5,1.0,116.0,1.0,125.53,1.0,115.5,1.0,125.56,1.0
144,Germany_Baseload#19#0#10000106,2021-10-12 06:49:38.642000,120.0,1.0,119.0,2.0,118.0,2.0,119.75,1.0,117.5,1.0,120.0,1.0,117.0,1.0,122.0,1.0,116.75,3.0,123.25,1.0,116.35,1.0,124.0,5.0,116.25,1.0,125.5,1.0,116.05,1.0,125.53,1.0,116.0,1.0,125.56,1.0,115.5,1.0,,
145,Germany_Baseload#19#0#10000106,2021-10-12 06:49:43.428000,120.0,1.0,119.75,1.0,118.0,2.0,120.0,1.0,117.5,1.0,122.0,1.0,117.0,1.0,123.25,1.0,116.75,3.0,124.0,5.0,116.35,1.0,125.5,1.0,116.25,1.0,125.53,1.0,116.05,1.0,125.56,1.0,116.0,1.0,,,115.5,1.0,,
146,Germany_Baseload#19#0#10000106,2021-10-12 06:49:43.460000,120.0,1.0,119.25,2.0,118.0,2.0,119.75,1.0,117.5,1.0,120.0,1.0,117.0,1.0,122.0,1.0,116.75,3.0,123.25,1.0,116.35,1.0,124.0,5.0,116.25,1.0,125.5,1.0,116.05,1.0,125.53,1.0,116.0,1.0,125.56,1.0,115.5,1.0,,
147,Germany_Baseload#19#0#10000106,2021-10-12 06:49:44.212000,120.0,1.0,119.25,2.0,118.0,2.0,119.4,1.0,117.5,1.0,119.75,1.0,117.0,1.0,120.0,1.0,116.75,3.0,122.0,1.0,116.35,1.0,123.25,1.0,116.25,1.0,124.0,5.0,116.05,1.0,125.5,1.0,116.0,1.0,125.53,1.0,115.5,1.0,125.56,1.0
148,Germany_Baseload#19#0#10000106,2021-10-12 06:49:44.508000,120.0,1.0,119.25,2.0,118.0,2.0,119.75,1.0,117.5,1.0,120.0,1.0,117.0,1.0,120.15,1.0,116.75,3.0,122.0,1.0,116.35,1.0,123.25,1.0,116.25,1.0,124.0,5.0,116.05,1.0,125.5,1.0,116.0,1.0,125.53,1.0,115.5,1.0,125.56,1.0
149,Germany_Baseload#19#0#10000106,2021-10-12 06:49:49.779000,120.0,1.0,119.25,2.0,118.0,2.0,119.75,1.0,117.5,1.0,120.0,1.0,117.0,1.0,120.15,1.0,116.75,3.0,122.0,1.0,116.35,1.0,123.25,1.0,116.25,1.0,124.0,1.0,116.05,1.0,125.5,1.0,116.0,1.0,125.53,1.0,115.5,1.0,125.56,1.0
150,Germany_Baseload#19#0#10000106,2021-10-12 06:49:49.964000,120.0,1.0,119.25,2.0,118.0,2.0,119.75,1.0,117.5,1.0,120.0,1.0,117.0,1.0,120.15,1.0,116.75,3.0,122.0,1.0,116.35,1.0,123.25,1.0,116.25,1.0,124.0,5.0,116.05,1.0,125.5,1.0,116.0,1.0,125.53,1.0,115.5,1.0,125.56,1.0
151,Germany_Baseload#19#0#10000106,2021-10-12 06:49:53.586000,120.0,1.0,119.25,2.0,118.0,2.0,119.75,1.0,117.5,1.0,120.0,1.0,117.0,1.0,120.15,1.0,116.75,3.0,122.0,1.0,116.35,1.0,123.25,1.0,116.25,1.0,124.0,1.0,116.05,1.0,124.2,5.0,116.0,1.0,125.5,1.0,115.5,1.0,125.53,1.0
152,Germany_Baseload#19#0#10000106,2021-10-12 06:49:59.055000,120.0,1.0,119.75,1.0,118.0,2.0,120.0,1.0,117.5,1.0,120.15,1.0,117.0,1.0,122.0,1.0,116.75,3.0,123.25,1.0,116.35,1.0,124.0,1.0,116.25,1.0,124.2,5.0,116.05,1.0,125.5,1.0,116.0,1.0,125.53,1.0,115.5,1.0,125.56,1.0
153,Germany_Baseload#19#0#10000106,2021-10-12 06:49:59.090000,120.0,1.0,119.5,1.0,119.0,1.0,119.75,1.0,118.9,1.0,120.0,1.0,118.5,3.0,120.15,1.0,118.0,2.0,122.0,1.0,117.5,1.0,123.25,1.0,117.1,1.0,124.0,1.0,117.0,1.0,124.4,5.0,116.75,3.0,125.5,1.0,116.35,1.0,125.53,1.0
154,Germany_Baseload#19#0#10000106,2021-10-12 06:49:59.678000,120.0,1.0,119.5,2.0,118.0,2.0,119.65,1.0,117.5,1.0,119.75,1.0,117.0,1.0,120.0,1.0,116.75,3.0,122.0,1.0,116.35,1.0,123.25,1.0,116.25,1.0,124.0,1.0,116.05,1.0,124.2,5.0,116.0,1.0,125.5,1.0,115.5,1.0,125.53,1.0
155,Germany_Baseload#19#0#10000106,2021-10-12 06:50:00.084000,120.0,1.0,119.5,2.0,118.0,2.0,119.75,1.0,117.5,1.0,120.0,1.0,117.0,1.0,120.15,1.0,116.75,3.0,122.0,1.0,116.35,1.0,123.25,1.0,116.25,1.0,124.0,1.0,116.05,1.0,124.2,5.0,116.0,1.0,125.5,1.0,115.5,1.0,125.53,1.0
156,Germany_Baseload#19#0#10000106,2021-10-12 06:50:10.349000,120.0,1.0,119.5,2.0,118.0,2.0,119.75,1.0,117.5,1.0,120.0,1.0,117.0,1.0,120.15,1.0,116.75,3.0,122.0,1.0,116.35,1.0,123.25,1.0,116.25,1.0,124.0,1.0,116.05,1.0,124.2,5.0,115.5,1.0,125.5,1.0,115.0,1.0,125.53,1.0
157,Germany_Baseload#19#0#10000106,2021-10-12 06:50:11.243000,120.0,1.0,119.5,2.0,118.0,2.0,119.75,1.0,117.5,1.0,120.0,1.0,117.0,1.0,120.15,1.0,116.75,3.0,122.0,1.0,116.35,1.0,123.25,1.0,116.25,1.0,124.0,1.0,116.05,1.0,124.2,5.0,115.5,1.0,125.5,1.0,115.0,1.0,125.53,1.0
158,Germany_Baseload#19#0#10000106,2021-10-12 06:50:17.217000,120.0,1.0,119.5,2.0,118.0,2.0,119.75,1.0,117.5,1.0,120.0,1.0,117.0,1.0,120.15,1.0,116.75,3.0,122.0,1.0,116.35,1.0,123.25,1.0,116.25,1.0,124.0,1.0,116.05,1.0,124.2,5.0,115.5,1.0,125.5,1.0,115.0,1.0,125.53,1.0
159,Germany_Baseload#19#0#10000106,2021-10-12 06:50:18.999000,120.0,1.0,119.5,2.0,118.0,2.0,119.75,1.0,117.5,1.0,120.0,1.0,117.1,1.0,120.15,1.0,117.0,1.0,122.0,1.0,116.75,3.0,123.25,1.0,116.35,1.0,124.0,1.0,116.25,1.0,124.2,5.0,116.05,1.0,125.5,1.0,115.5,1.0,125.53,1.0
160,Germany_Baseload#19#0#10000106,2021-10-12 06:50:19.581000,120.0,1.0,119.5,2.0,118.5,3.0,119.75,1.0,118.0,2.0,120.0,1.0,117.5,1.0,120.15,1.0,117.1,1.0,122.0,1.0,117.0,1.0,123.25,1.0,116.75,3.0,124.0,1.0,116.35,1.0,124.2,5.0,116.25,1.0,125.5,1.0,116.05,1.0,125.53,1.0
161,Germany_Baseload#19#0#10000106,2021-10-12 06:50:52.641000,120.0,1.0,119.5,2.0,118.5,3.0,119.75,1.0,118.0,2.0,120.0,1.0,117.5,1.0,120.15,1.0,117.1,1.0,122.0,1.0,117.0,1.0,123.25,1.0,116.75,3.0,124.0,1.0,116.35,1.0,125.5,1.0,116.25,1.0,125.53,1.0,116.05,1.0,125.56,1.0
162,Germany_Baseload#19#0#10000106,2021-10-12 06:50:52.792000,120.0,1.0,119.5,2.0,118.5,3.0,119.75,1.0,118.0,2.0,120.0,1.0,117.5,1.0,120.15,1.0,117.1,1.0,122.0,1.0,117.0,1.0,123.25,1.0,116.75,3.0,124.0,1.0,116.35,1.0,124.2,5.0,116.25,1.0,125.5,1.0,116.05,1.0,125.53,1.0
163,Germany_Baseload#19#0#10000106,2021-10-12 06:50:58.224000,120.0,1.0,119.5,2.0,118.5,3.0,119.75,1.0,118.0,2.0,120.0,1.0,117.5,1.0,120.15,1.0,117.1,1.0,122.0,1.0,117.0,1.0,123.25,1.0,116.75,3.0,124.0,1.0,116.35,1.0,124.2,5.0,116.25,1.0,125.5,1.0,116.05,1.0,125.53,1.0
164,Germany_Baseload#19#0#10000106,2021-10-12 06:51:00.542000,120.0,1.0,119.5,2.0,119.0,1.0,119.75,1.0,118.5,3.0,120.0,1.0,118.0,2.0,120.15,1.0,117.5,1.0,122.0,1.0,117.1,1.0,123.25,1.0,117.0,1.0,124.0,1.0,116.75,3.0,124.2,5.0,116.35,1.0,125.5,1.0,116.25,1.0,125.53,1.0
165,Germany_Baseload#19#0#10000106,2021-10-12 06:51:00.543000,120.0,1.0,119.5,2.0,119.0,1.0,119.75,1.0,118.5,3.0,120.0,1.0,118.0,2.0,120.15,1.0,117.5,1.0,122.0,1.0,117.1,1.0,123.25,1.0,117.0,1.0,124.0,1.0,116.75,3.0,124.2,5.0,116.35,1.0,125.5,1.0,116.05,1.0,125.53,1.0
166,Germany_Baseload#19#0#10000106,2021-10-12 06:51:03.641000,120.0,1.0,119.5,2.0,119.0,1.0,119.75,1.0,118.5,3.0,120.0,1.0,118.0,2.0,120.15,1.0,117.5,1.0,122.0,1.0,117.1,1.0,123.25,1.0,117.0,1.0,124.0,1.0,116.75,3.0,124.2,5.0,116.35,1.0,125.5,1.0,116.05,1.0,125.53,1.0
167,Germany_Baseload#19#0#10000106,2021-10-12 06:51:21.720000,120.0,1.0,119.5,2.0,119.0,1.0,119.75,1.0,118.5,3.0,120.0,1.0,118.0,2.0,120.15,1.0,117.5,1.0,122.0,1.0,117.1,1.0,123.25,1.0,117.0,1.0,124.0,1.0,116.75,3.0,124.2,5.0,116.35,1.0,125.5,1.0,116.05,1.0,125.53,1.0
168,Germany_Baseload#19#0#10000106,2021-10-12 06:51:24.522000,120.0,1.0,119.5,2.0,119.0,1.0,119.75,1.0,118.5,3.0,120.0,1.0,118.0,2.0,120.15,1.0,117.5,1.0,122.0,1.0,117.1,1.0,123.25,1.0,117.0,1.0,124.0,1.0,116.75,3.0,125.5,1.0,116.35,1.0,125.53,1.0,116.05,1.0,125.56,1.0
169,Germany_Baseload#19#0#10000106,2021-10-12 06:51:30.655000,120.0,1.0,119.5,2.0,119.0,1.0,119.75,1.0,118.5,3.0,120.0,1.0,118.0,2.0,120.15,1.0,117.5,1.0,122.0,1.0,117.1,1.0,123.25,1.0,117.0,1.0,124.0,1.0,116.75,3.0,124.4,5.0,116.35,1.0,125.5,1.0,116.05,1.0,125.53,1.0
170,Germany_Baseload#19#0#10000106,2021-10-12 06:51:36.163000,120.0,1.0,119.5,2.0,119.0,1.0,119.75,1.0,118.5,3.0,120.0,1.0,118.0,2.0,120.15,1.0,117.5,1.0,122.0,1.0,117.1,1.0,123.25,1.0,117.0,1.0,124.0,1.0,116.75,3.0,124.4,5.0,116.35,1.0,125.5,1.0,116.05,1.0,125.53,1.0
171,Germany_Baseload#19#0#10000106,2021-10-12 06:51:40.051000,120.0,1.0,119.5,2.0,119.0,1.0,119.75,1.0,118.5,3.0,120.0,1.0,118.0,2.0,120.15,1.0,117.5,1.0,122.0,1.0,117.1,1.0,123.25,1.0,117.0,1.0,124.0,1.0,116.75,3.0,124.4,5.0,116.35,1.0,125.5,1.0,116.05,1.0,125.53,1.0
172,Germany_Baseload#19#0#10000106,2021-10-12 06:51:43.406000,120.0,1.0,119.5,2.0,119.0,1.0,119.75,1.0,118.9,1.0,120.0,1.0,118.5,3.0,120.15,1.0,118.0,2.0,122.0,1.0,117.5,1.0,123.25,1.0,117.1,1.0,124.0,1.0,117.0,1.0,124.4,5.0,116.75,3.0,125.5,1.0,116.35,1.0,125.53,1.0
173,Germany_Baseload#19#0#10000106,2021-10-12 06:51:47.942000,120.0,1.0,119.75,1.0,119.0,1.0,120.0,1.0,118.9,1.0,120.15,1.0,118.5,3.0,122.0,1.0,118.0,2.0,123.25,1.0,117.5,1.0,124.0,1.0,117.1,1.0,124.4,5.0,117.0,1.0,125.5,1.0,116.75,3.0,125.53,1.0,116.35,1.0,125.56,1.0
174,Germany_Baseload#19#0#10000106,2021-10-12 06:51:47.974000,120.0,1.0,119.75,2.0,119.0,1.0,120.0,1.0,118.9,1.0,120.15,1.0,118.5,3.0,122.0,1.0,118.0,2.0,123.25,1.0,117.5,1.0,124.0,1.0,117.1,1.0,124.4,5.0,117.0,1.0,125.5,1.0,116.75,3.0,125.53,1.0,116.35,1.0,125.56,1.0
175,Germany_Baseload#19#0#10000106,2021-10-12 06:51:48.559000,120.0,1.0,119.75,2.0,119.0,1.0,119.9,1.0,118.9,1.0,120.0,1.0,118.5,3.0,122.0,1.0,118.0,2.0,123.25,1.0,117.5,1.0,124.0,1.0,117.1,1.0,124.4,5.0,117.0,1.0,125.5,1.0,116.75,3.0,125.53,1.0,116.35,1.0,125.56,1.0
176,Germany_Baseload#19#0#10000106,2021-10-12 06:51:49.071000,120.0,1.0,119.75,2.0,119.0,1.0,120.0,1.0,118.9,1.0,120.15,1.0,118.5,3.0,122.0,1.0,118.0,2.0,123.25,1.0,117.5,1.0,124.0,1.0,117.1,1.0,124.4,5.0,117.0,1.0,125.5,1.0,116.75,3.0,125.53,1.0,116.35,1.0,125.56,1.0
177,Germany_Baseload#19#0#10000106,2021-10-12 06:51:56.403000,120.0,1.0,119.75,2.0,119.0,1.0,120.0,2.0,118.9,1.0,120.15,1.0,118.5,3.0,122.0,1.0,118.0,2.0,123.25,1.0,117.5,1.0,124.0,1.0,117.1,1.0,124.4,5.0,117.0,1.0,125.5,1.0,116.75,3.0,125.53,1.0,116.35,1.0,125.56,1.0
178,Germany_Baseload#19#0#10000106,2021-10-12 06:52:00.963000,120.0,1.0,119.75,2.0,119.0,1.0,120.0,2.0,118.9,1.0,120.15,1.0,118.5,3.0,122.0,1.0,118.0,2.0,123.25,1.0,117.5,1.0,124.0,1.0,117.1,1.0,124.6,5.0,117.0,1.0,125.5,1.0,116.75,3.0,125.53,1.0,116.35,1.0,125.56,1.0
179,Germany_Baseload#19#0#10000106,2021-10-12 06:52:01.152000,120.0,1.0,119.75,2.0,119.0,1.0,120.0,2.0,118.9,1.0,120.15,1.0,118.5,3.0,122.0,1.0,118.0,2.0,123.25,1.0,117.5,1.0,124.0,1.0,117.1,1.0,124.6,5.0,117.0,1.0,125.5,1.0,116.75,3.0,125.53,1.0,116.35,1.0,125.56,1.0
180,Germany_Baseload#19#0#10000106,2021-10-12 06:52:01.201000,120.0,1.0,119.75,2.0,119.0,1.0,120.0,2.0,118.9,1.0,120.15,1.0,118.5,3.0,122.0,1.0,118.0,2.0,123.25,1.0,117.5,1.0,124.0,1.0,117.1,1.0,125.5,1.0,117.0,1.0,125.53,1.0,116.75,3.0,125.56,1.0,116.35,1.0,125.6,5.0
181,Germany_Baseload#19#0#10000106,2021-10-12 06:52:18.046000,120.0,1.0,119.75,2.0,119.0,1.0,120.0,2.0,118.9,1.0,120.15,1.0,118.5,3.0,122.0,1.0,118.0,2.0,123.25,1.0,117.5,1.0,124.0,1.0,117.1,1.0,125.5,1.0,117.0,1.0,125.53,1.0,116.75,3.0,125.56,1.0,116.35,1.0,,
182,Germany_Baseload#19#0#10000106,2021-10-12 06:52:18.405000,120.0,1.0,119.75,2.0,119.0,1.0,120.0,2.0,118.9,1.0,120.15,1.0,118.5,3.0,122.0,1.0,118.0,2.0,123.25,1.0,117.5,1.0,124.0,1.0,117.1,1.0,125.5,1.0,117.0,1.0,125.53,1.0,116.75,3.0,125.56,1.0,116.35,1.0,125.6,5.0
183,Germany_Baseload#19#0#10000106,2021-10-12 06:52:31.924000,120.0,1.0,119.75,2.0,119.0,1.0,120.0,2.0,118.9,1.0,120.15,1.0,118.5,3.0,122.0,1.0,118.0,2.0,123.25,1.0,117.5,1.0,124.0,1.0,117.1,1.0,125.5,1.0,117.0,1.0,125.53,1.0,116.75,3.0,125.56,1.0,116.35,1.0,125.6,5.0
184,Germany_Baseload#19#0#10000106,2021-10-12 06:52:32.538000,120.0,1.0,119.75,2.0,119.0,1.0,120.0,2.0,118.9,1.0,120.15,1.0,118.5,3.0,122.0,1.0,118.0,2.0,123.25,1.0,117.5,1.0,124.0,1.0,117.1,1.0,125.5,1.0,117.0,1.0,125.53,1.0,116.75,3.0,125.56,1.0,116.35,1.0,125.6,5.0
185,Germany_Baseload#19#0#10000106,2021-10-12 06:52:37.885000,120.0,1.0,119.75,2.0,119.0,1.0,120.0,2.0,118.9,1.0,120.15,1.0,118.5,3.0,122.0,1.0,118.1,1.0,123.25,1.0,118.0,2.0,124.0,1.0,117.5,1.0,125.5,1.0,117.1,1.0,125.53,1.0,117.0,1.0,125.56,1.0,116.75,3.0,125.6,5.0
186,Germany_Baseload#19#0#10000106,2021-10-12 06:52:37.886000,120.0,1.0,119.75,2.0,119.0,1.0,120.0,2.0,118.9,1.0,120.15,1.0,118.5,3.0,122.0,1.0,118.1,1.0,123.25,1.0,118.0,2.0,124.0,1.0,117.5,1.0,125.5,1.0,117.0,1.0,125.53,1.0,116.75,3.0,125.56,1.0,116.35,1.0,125.6,5.0
187,Germany_Baseload#19#0#10000106,2021-10-12 06:52:40.450000,120.0,1.0,119.75,2.0,119.0,1.0,120.0,2.0,118.9,1.0,120.15,1.0,118.5,3.0,122.0,1.0,118.1,1.0,123.25,1.0,118.0,2.0,124.0,1.0,117.5,1.0,125.5,1.0,117.0,1.0,125.53,1.0,116.75,3.0,125.56,1.0,116.35,1.0,125.6,5.0
188,Germany_Baseload#19#0#10000106,2021-10-12 06:52:40.817000,120.0,1.0,119.75,2.0,119.0,1.0,120.0,2.0,118.9,1.0,120.15,1.0,118.5,3.0,122.0,1.0,118.1,1.0,123.25,1.0,118.0,2.0,124.0,1.0,117.5,1.0,125.5,1.0,117.0,1.0,125.53,1.0,116.75,3.0,125.56,1.0,116.35,1.0,125.6,5.0
189,Germany_Baseload#19#0#10000106,2021-10-12 06:52:44.588000,120.0,1.0,119.75,2.0,119.0,1.0,120.0,2.0,118.9,1.0,120.15,1.0,118.5,3.0,122.0,1.0,118.1,1.0,123.25,1.0,118.0,2.0,124.0,1.0,117.5,1.0,125.5,1.0,117.0,1.0,125.53,1.0,116.75,3.0,125.56,1.0,116.35,1.0,125.6,5.0
190,Germany_Baseload#19#0#10000106,2021-10-12 06:52:47.569000,120.0,1.0,119.75,2.0,119.0,1.0,120.0,2.0,118.9,1.0,120.15,1.0,118.5,3.0,122.0,1.0,118.1,1.0,123.25,1.0,118.0,2.0,124.0,1.0,117.0,1.0,125.5,1.0,116.75,3.0,125.53,1.0,116.35,1.0,125.56,1.0,116.05,1.0,125.6,5.0
191,Germany_Baseload#19#0#10000106,2021-10-12 06:52:47.854000,120.0,1.0,119.75,2.0,119.0,1.0,120.0,2.0,118.9,1.0,120.15,1.0,118.5,3.0,122.0,1.0,118.1,1.0,122.4,1.0,118.0,2.0,123.25,1.0,117.0,1.0,124.0,1.0,116.75,3.0,125.5,1.0,116.35,1.0,125.53,1.0,116.05,1.0,125.56,1.0
192,Germany_Baseload#19#0#10000106,2021-10-12 06:52:48.946000,120.0,1.0,119.5,1.0,119.0,1.0,119.75,2.0,118.9,1.0,120.0,1.0,118.5,3.0,120.15,1.0,118.1,1.0,122.0,1.0,118.0,2.0,122.4,1.0,117.0,1.0,123.25,1.0,116.75,3.0,124.0,1.0,116.35,1.0,125.5,1.0,116.05,1.0,125.53,1.0
193,Germany_Baseload#19#0#10000106,2021-10-12 06:52:52.301000,120.0,1.0,119.5,1.0,119.0,1.0,119.75,2.0,118.9,1.0,120.0,1.0,118.5,3.0,120.15,1.0,118.1,1.0,122.0,1.0,118.0,2.0,122.4,1.0,117.0,1.0,123.25,1.0,116.75,3.0,124.0,1.0,116.35,1.0,125.5,1.0,116.05,1.0,125.53,1.0
194,Germany_Baseload#19#0#10000106,2021-10-12 06:53:03.394000,120.0,1.0,119.5,1.0,119.0,1.0,119.75,2.0,118.9,1.0,120.0,1.0,118.5,3.0,120.15,1.0,118.1,1.0,122.0,1.0,118.0,2.0,122.4,1.0,117.0,1.0,123.25,1.0,116.75,3.0,124.0,1.0,116.35,1.0,125.5,1.0,116.05,1.0,125.53,1.0
195,Germany_Baseload#19#0#10000106,2021-10-12 06:53:03.495000,120.0,1.0,119.5,1.0,119.0,1.0,119.75,2.0,118.9,1.0,120.0,1.0,118.5,3.0,120.15,1.0,118.1,1.0,122.0,1.0,118.0,2.0,122.4,1.0,117.0,1.0,123.25,1.0,116.75,3.0,124.0,1.0,116.35,1.0,125.4,5.0,116.05,1.0,125.5,1.0
196,Germany_Baseload#19#0#10000106,2021-10-12 06:53:05.315000,120.0,1.0,119.5,1.0,119.0,1.0,119.75,2.0,118.9,1.0,120.0,1.0,118.5,3.0,120.15,1.0,118.1,1.0,122.0,1.0,118.0,2.0,122.4,1.0,117.0,1.0,123.25,1.0,116.75,3.0,124.0,1.0,116.35,1.0,125.5,1.0,116.05,1.0,125.53,1.0
197,Germany_Baseload#19#0#10000106,2021-10-12 06:53:11.447000,120.0,1.0,119.5,1.0,119.0,1.0,119.75,1.0,118.9,1.0,120.0,1.0,118.5,3.0,120.15,1.0,118.1,1.0,122.0,1.0,118.0,2.0,122.4,1.0,117.0,1.0,123.25,1.0,116.75,3.0,124.0,1.0,116.35,1.0,125.5,1.0,116.05,1.0,125.53,1.0
198,Germany_Baseload#19#0#10000106,2021-10-12 06:53:11.681000,120.0,1.0,119.0,1.0,118.9,1.0,119.5,1.0,118.5,3.0,119.75,1.0,118.1,1.0,120.0,1.0,118.0,2.0,120.15,1.0,117.0,1.0,122.0,1.0,116.75,3.0,122.4,1.0,116.35,1.0,123.25,1.0,116.05,1.0,124.0,1.0,115.5,1.0,125.5,1.0
199,Germany_Baseload#19#0#10000106,2021-10-12 06:53:11.966000,120.0,1.0,119.5,1.0,118.9,1.0,119.75,1.0,118.5,3.0,120.0,1.0,118.1,1.0,120.15,1.0,118.0,2.0,122.0,1.0,117.0,1.0,122.4,1.0,116.75,3.0,123.25,1.0,116.35,1.0,124.0,1.0,116.05,1.0,125.5,1.0,115.5,1.0,125.53,1.0
200,Germany_Baseload#19#0#10000106,2021-10-12 06:53:12.579000,120.0,1.0,119.0,1.0,118.9,1.0,119.5,1.0,118.5,3.0,119.75,1.0,118.1,1.0,120.0,1.0,118.0,2.0,120.15,1.0,117.0,1.0,122.0,1.0,116.75,3.0,122.4,1.0,116.35,1.0,123.25,1.0,116.05,1.0,124.0,1.0,115.5,1.0,125.5,1.0
201,Germany_Baseload#19#0#10000106,2021-10-12 06:53:12.927000,120.0,1.0,119.0,1.0,118.9,1.0,119.5,1.0,118.5,3.0,119.75,1.0,118.1,1.0,120.0,1.0,118.0,2.0,120.15,1.0,117.0,1.0,122.0,1.0,116.75,3.0,122.4,1.0,116.35,1.0,123.25,1.0,116.05,1.0,124.0,1.0,115.5,1.0,125.4,5.0
202,Germany_Baseload#19#0#10000106,2021-10-12 06:53:13.170000,120.0,1.0,119.0,1.0,118.9,1.0,119.5,1.0,118.5,3.0,119.75,1.0,118.1,1.0,120.0,1.0,118.0,2.0,120.15,1.0,117.0,1.0,122.0,1.0,116.75,3.0,122.4,1.0,116.35,1.0,123.25,1.0,116.05,1.0,124.0,1.0,115.5,1.0,125.5,1.0
203,Germany_Baseload#19#0#10000106,2021-10-12 06:53:14.970000,120.0,1.0,119.0,1.0,118.5,3.0,119.5,1.0,118.1,1.0,119.75,1.0,118.0,2.0,120.0,1.0,117.0,1.0,120.15,1.0,116.75,3.0,122.0,1.0,116.35,1.0,122.4,1.0,116.05,1.0,123.25,1.0,115.5,1.0,124.0,1.0,115.0,1.0,125.5,1.0
204,Germany_Baseload#19#0#10000106,2021-10-12 06:53:18.314000,120.0,1.0,119.5,1.0,118.5,3.0,119.75,1.0,118.1,1.0,120.0,1.0,118.0,2.0,120.15,1.0,117.0,1.0,122.0,1.0,116.75,3.0,122.4,1.0,116.35,1.0,123.25,1.0,116.05,1.0,124.0,1.0,115.5,1.0,125.5,1.0,115.0,1.0,125.53,1.0
205,Germany_Baseload#19#0#10000106,2021-10-12 06:53:21.195000,120.0,1.0,119.5,1.0,118.5,3.0,119.75,1.0,118.1,1.0,120.0,1.0,118.0,2.0,120.15,1.0,117.0,1.0,122.0,1.0,116.75,3.0,122.4,1.0,116.35,1.0,123.25,1.0,116.05,1.0,124.0,1.0,115.5,1.0,124.6,5.0,115.0,1.0,125.5,1.0
206,Germany_Baseload#19#0#10000106,2021-10-12 06:53:21.551000,120.0,1.0,119.5,1.0,118.5,3.0,119.75,1.0,118.1,1.0,120.0,1.0,118.0,2.0,120.15,1.0,117.0,1.0,122.0,1.0,116.75,3.0,122.4,1.0,116.35,1.0,123.25,1.0,116.05,1.0,124.0,1.0,115.5,1.0,124.6,5.0,115.0,1.0,125.5,1.0
207,Germany_Baseload#19#0#10000106,2021-10-12 06:53:26.853000,120.0,1.0,119.5,1.0,118.5,3.0,119.75,1.0,118.1,1.0,120.0,1.0,118.0,2.0,120.15,1.0,117.0,1.0,121.9,1.0,116.75,3.0,122.0,1.0,116.35,1.0,123.25,1.0,116.05,1.0,124.0,1.0,115.5,1.0,124.6,5.0,115.0,1.0,125.5,1.0
208,Germany_Baseload#19#0#10000106,2021-10-12 06:53:30.935000,120.0,1.0,119.45,1.0,118.5,3.0,119.5,1.0,118.1,1.0,119.75,1.0,118.0,2.0,120.0,1.0,117.0,1.0,120.15,1.0,116.75,3.0,121.9,1.0,116.35,1.0,122.0,1.0,116.05,1.0,123.25,1.0,115.5,1.0,124.0,1.0,115.0,1.0,124.6,5.0
209,Germany_Baseload#19#0#10000106,2021-10-12 06:53:33.670000,120.0,1.0,119.45,1.0,118.5,3.0,119.5,1.0,118.1,1.0,119.75,1.0,118.0,2.0,120.0,1.0,117.0,1.0,120.15,1.0,116.75,3.0,121.9,1.0,116.35,1.0,122.0,1.0,116.05,1.0,123.25,1.0,115.5,1.0,124.0,1.0,115.0,1.0,124.8,5.0
210,Germany_Baseload#19#0#10000106,2021-10-12 06:53:37.098000,120.0,1.0,119.45,1.0,119.0,1.0,119.5,1.0,118.5,3.0,119.75,1.0,118.1,1.0,120.0,1.0,118.0,2.0,120.15,1.0,117.0,1.0,121.9,1.0,116.75,3.0,122.0,1.0,116.35,1.0,123.25,1.0,116.05,1.0,124.0,1.0,115.5,1.0,124.8,5.0
211,Germany_Baseload#19#0#10000106,2021-10-12 06:53:47.547000,120.0,1.0,119.45,1.0,119.0,1.0,119.5,1.0,118.5,3.0,119.75,1.0,118.1,1.0,120.0,1.0,118.0,2.0,120.15,1.0,117.0,1.0,121.9,1.0,116.75,3.0,122.0,1.0,116.35,1.0,123.25,1.0,116.05,1.0,124.0,1.0,115.5,1.0,124.6,5.0
212,Germany_Baseload#19#0#10000106,2021-10-12 06:53:55.586000,120.0,1.0,119.45,1.0,119.0,2.0,119.5,1.0,118.5,3.0,119.75,1.0,118.1,1.0,120.0,1.0,118.0,2.0,120.15,1.0,117.0,1.0,121.9,1.0,116.75,3.0,122.0,1.0,116.35,1.0,123.25,1.0,116.05,1.0,124.0,1.0,115.5,1.0,124.6,5.0
213,Germany_Baseload#19#0#10000106,2021-10-12 06:54:07.846000,120.0,1.0,119.45,1.0,119.0,2.0,119.5,1.0,118.5,3.0,119.75,1.0,118.1,1.0,120.0,1.0,118.0,2.0,120.15,1.0,117.0,1.0,121.9,1.0,116.75,3.0,122.0,1.0,116.35,1.0,123.25,1.0,116.05,1.0,124.0,1.0,115.5,1.0,124.8,5.0
214,Germany_Baseload#19#0#10000106,2021-10-12 06:54:08.050000,120.0,1.0,119.45,1.0,119.0,2.0,119.5,1.0,118.5,3.0,119.75,1.0,118.1,1.0,120.0,1.0,118.0,2.0,120.15,1.0,117.0,1.0,121.9,1.0,116.75,3.0,122.0,1.0,116.35,1.0,123.25,1.0,116.05,1.0,124.0,1.0,115.5,1.0,124.6,5.0
215,Germany_Baseload#19#0#10000106,2021-10-12 06:54:26.684000,120.0,1.0,119.45,1.0,119.0,2.0,119.5,1.0,118.9,1.0,119.75,1.0,118.5,3.0,120.0,1.0,118.1,1.0,120.15,1.0,118.0,2.0,121.9,1.0,117.0,1.0,122.0,1.0,116.75,3.0,123.25,1.0,116.35,1.0,124.0,1.0,116.05,1.0,124.6,5.0
216,Germany_Baseload#19#0#10000106,2021-10-12 06:54:34.619000,120.0,1.0,119.45,1.0,119.0,2.0,119.5,1.0,118.9,1.0,119.75,1.0,118.5,3.0,120.0,1.0,118.1,1.0,120.15,1.0,118.0,2.0,121.9,1.0,117.0,1.0,122.0,1.0,116.75,3.0,123.25,1.0,116.35,1.0,124.0,1.0,116.05,1.0,124.8,5.0
217,Germany_Baseload#19#0#10000106,2021-10-12 06:54:35.035000,120.0,1.0,119.45,1.0,119.0,2.0,119.5,1.0,118.9,1.0,119.75,1.0,118.5,3.0,120.0,1.0,118.1,1.0,120.15,1.0,118.0,2.0,121.9,1.0,117.0,1.0,122.0,1.0,116.75,3.0,123.25,1.0,116.35,1.0,124.0,1.0,116.05,1.0,124.6,5.0
218,Germany_Baseload#19#0#10000106,2021-10-12 06:54:35.584000,120.0,1.0,119.45,1.0,119.0,2.0,119.75,1.0,118.9,1.0,120.0,1.0,118.5,3.0,120.15,1.0,118.1,1.0,121.9,1.0,118.0,2.0,122.0,1.0,117.0,1.0,123.25,1.0,116.75,3.0,124.0,1.0,116.35,1.0,124.6,5.0,116.05,1.0,125.5,1.0
219,Germany_Baseload#19#0#10000106,2021-10-12 06:54:35.636000,120.0,1.0,119.45,1.0,119.0,2.0,119.75,1.0,118.9,1.0,120.0,1.0,118.5,3.0,120.15,1.0,118.1,1.0,121.9,1.0,118.0,2.0,122.0,1.0,117.0,1.0,123.25,1.0,116.75,3.0,124.0,1.0,116.35,1.0,124.6,5.0,116.05,1.0,125.5,1.0
220,Germany_Baseload#19#0#10000106,2021-10-12 06:54:48.526000,120.0,1.0,119.45,1.0,119.0,2.0,119.75,1.0,118.9,1.0,120.0,1.0,118.5,3.0,120.15,1.0,118.1,1.0,121.9,1.0,118.0,2.0,122.0,1.0,117.0,1.0,123.25,1.0,116.75,3.0,124.0,1.0,116.35,1.0,124.8,5.0,116.05,1.0,125.5,1.0
221,Germany_Baseload#19#0#10000106,2021-10-12 06:54:53.109000,120.0,1.0,119.45,1.0,119.0,2.0,119.75,1.0,118.9,1.0,120.0,1.0,118.5,3.0,120.15,1.0,118.1,1.0,121.9,1.0,118.0,2.0,122.0,1.0,117.0,1.0,123.25,1.0,116.75,3.0,124.0,1.0,116.35,1.0,124.6,5.0,116.05,1.0,125.5,1.0
222,Germany_Baseload#19#0#10000106,2021-10-12 06:55:12.526000,120.0,1.0,119.45,1.0,119.0,2.0,119.5,1.0,118.9,1.0,119.75,1.0,118.5,3.0,120.0,1.0,118.1,1.0,120.15,1.0,118.0,2.0,121.9,1.0,117.0,1.0,122.0,1.0,116.75,3.0,123.25,1.0,116.35,1.0,124.0,1.0,116.05,1.0,124.6,5.0
223,Germany_Baseload#19#0#10000106,2021-10-12 06:55:37.106000,120.0,1.0,119.5,1.0,119.0,2.0,119.75,1.0,118.9,1.0,120.0,1.0,118.5,3.0,120.15,1.0,118.1,1.0,121.9,1.0,118.0,2.0,122.0,1.0,117.0,1.0,123.25,1.0,116.75,3.0,124.0,1.0,116.35,1.0,124.6,5.0,116.05,1.0,125.5,1.0
224,Germany_Baseload#19#0#10000106,2021-10-12 06:56:02.251000,120.0,1.0,119.5,2.0,119.0,2.0,119.75,1.0,118.9,1.0,120.0,1.0,118.5,3.0,120.15,1.0,118.1,1.0,121.9,1.0,118.0,2.0,122.0,1.0,117.0,1.0,123.25,1.0,116.75,3.0,124.0,1.0,116.35,1.0,124.6,5.0,116.05,1.0,125.5,1.0
225,Germany_Baseload#19#0#10000106,2021-10-12 06:56:04.906000,120.0,1.0,119.5,2.0,119.0,2.0,119.75,1.0,118.9,1.0,120.0,1.0,118.5,3.0,120.15,1.0,118.1,1.0,121.9,1.0,118.0,2.0,122.0,1.0,117.0,1.0,123.25,1.0,116.75,3.0,124.0,1.0,116.35,1.0,124.4,5.0,116.05,1.0,125.5,1.0
226,Germany_Baseload#19#0#10000106,2021-10-12 06:56:21.325000,120.0,1.0,119.5,2.0,119.0,2.0,119.75,1.0,118.9,1.0,120.0,1.0,118.5,3.0,120.15,1.0,118.1,1.0,121.0,1.0,118.0,2.0,121.9,1.0,117.0,1.0,122.0,1.0,116.75,3.0,123.25,1.0,116.35,1.0,124.0,1.0,116.05,1.0,124.4,5.0
227,Germany_Baseload#19#0#10000106,2021-10-12 06:56:30.560000,120.0,1.0,119.5,1.0,119.0,2.0,119.75,1.0,118.9,1.0,120.0,1.0,118.5,3.0,120.15,1.0,118.1,1.0,121.0,1.0,118.0,2.0,121.9,1.0,117.0,1.0,122.0,1.0,116.75,3.0,123.25,1.0,116.35,1.0,124.0,1.0,116.05,1.0,124.4,5.0
228,Germany_Baseload#19#0#10000106,2021-10-12 06:56:30.602000,120.0,1.0,119.5,1.0,119.0,2.0,119.75,1.0,118.9,1.0,120.0,1.0,118.5,3.0,120.15,1.0,118.1,1.0,121.0,1.0,118.0,2.0,121.9,1.0,117.0,1.0,122.0,1.0,116.75,3.0,123.25,1.0,116.35,1.0,124.0,1.0,116.05,1.0,124.4,5.0
229,Germany_Baseload#19#0#10000106,2021-10-12 06:56:30.705000,120.0,1.0,119.5,1.0,119.0,2.0,119.65,1.0,118.9,1.0,119.75,1.0,118.5,3.0,120.0,1.0,118.1,1.0,121.0,1.0,118.0,2.0,121.9,1.0,117.0,1.0,122.0,1.0,116.75,3.0,123.25,1.0,116.35,1.0,124.0,1.0,116.05,1.0,124.4,5.0
230,Germany_Baseload#19#0#10000106,2021-10-12 06:56:31.192000,120.0,1.0,119.5,1.0,119.0,2.0,119.75,1.0,118.9,1.0,120.0,1.0,118.5,3.0,120.15,1.0,118.1,1.0,121.0,1.0,118.0,2.0,121.9,1.0,117.0,1.0,122.0,1.0,116.75,3.0,123.25,1.0,116.35,1.0,124.0,1.0,116.05,1.0,124.4,5.0
231,Germany_Baseload#19#0#10000106,2021-10-12 06:56:38.139000,120.0,1.0,119.5,1.0,119.0,2.0,119.75,1.0,118.9,1.0,120.0,1.0,118.5,3.0,120.15,1.0,118.1,1.0,121.0,1.0,118.0,2.0,121.9,1.0,117.0,1.0,122.0,1.0,116.75,3.0,123.25,1.0,116.35,1.0,124.0,1.0,116.05,1.0,124.4,5.0
232,Germany_Baseload#19#0#10000106,2021-10-12 06:56:42.637000,120.0,1.0,119.75,1.0,119.0,2.0,120.0,1.0,118.9,1.0,120.15,1.0,118.5,3.0,121.0,1.0,118.1,1.0,121.9,1.0,118.0,2.0,122.0,1.0,117.0,1.0,123.25,1.0,116.75,3.0,124.0,1.0,116.35,1.0,124.4,5.0,116.05,1.0,125.5,1.0
233,Germany_Baseload#19#0#10000106,2021-10-12 06:56:42.668000,120.0,1.0,119.5,1.0,119.0,2.0,119.75,1.0,118.9,1.0,120.0,1.0,118.5,3.0,120.15,1.0,118.1,1.0,121.0,1.0,118.0,2.0,121.9,1.0,117.0,1.0,122.0,1.0,116.75,3.0,123.25,1.0,116.35,1.0,124.0,1.0,116.05,1.0,124.4,5.0
234,Germany_Baseload#19#0#10000106,2021-10-12 06:56:42.772000,120.0,1.0,119.5,1.0,119.0,2.0,119.7,1.0,118.9,1.0,119.75,1.0,118.5,3.0,120.0,1.0,118.1,1.0,121.0,1.0,118.0,2.0,121.9,1.0,117.0,1.0,122.0,1.0,116.75,3.0,123.25,1.0,116.35,1.0,124.0,1.0,116.05,1.0,124.4,5.0
235,Germany_Baseload#19#0#10000106,2021-10-12 06:56:43.150000,120.0,1.0,119.5,1.0,119.0,2.0,119.75,1.0,118.9,1.0,120.0,1.0,118.5,3.0,120.15,1.0,118.1,1.0,121.0,1.0,118.0,2.0,121.9,1.0,117.0,1.0,122.0,1.0,116.75,3.0,123.25,1.0,116.35,1.0,124.0,1.0,116.05,1.0,124.4,5.0
236,Germany_Baseload#19#0#10000106,2021-10-12 06:56:45.621000,120.0,1.0,119.5,1.0,119.0,2.0,119.75,1.0,118.9,1.0,120.0,1.0,118.5,3.0,120.15,1.0,118.1,1.0,121.0,1.0,118.0,2.0,121.9,1.0,117.0,1.0,122.0,1.0,116.75,3.0,123.25,1.0,116.35,1.0,124.0,1.0,116.05,1.0,124.4,5.0
237,Germany_Baseload#19#0#10000106,2021-10-12 06:56:52.656000,120.0,1.0,119.5,3.0,119.0,2.0,119.75,1.0,118.9,1.0,120.0,1.0,118.5,3.0,120.15,1.0,118.1,1.0,121.0,1.0,118.0,2.0,121.9,1.0,117.0,1.0,122.0,1.0,116.75,3.0,123.25,1.0,116.35,1.0,124.0,1.0,116.05,1.0,124.4,5.0
238,Germany_Baseload#19#0#10000106,2021-10-12 06:57:14.238000,120.0,1.0,119.5,3.0,119.05,1.0,119.75,1.0,119.0,2.0,120.0,1.0,118.9,1.0,120.15,1.0,118.5,3.0,121.0,1.0,118.1,1.0,121.9,1.0,118.0,2.0,122.0,1.0,117.0,1.0,123.25,1.0,116.75,3.0,124.0,1.0,116.35,1.0,124.4,5.0
239,Germany_Baseload#19#0#10000106,2021-10-12 06:57:25.056000,120.0,1.0,119.5,3.0,119.05,1.0,119.75,1.0,119.0,2.0,120.0,1.0,118.9,1.0,120.15,1.0,118.5,3.0,121.0,1.0,118.1,1.0,121.9,1.0,118.0,2.0,122.0,1.0,117.0,1.0,123.25,1.0,116.75,3.0,124.0,1.0,116.35,1.0,124.2,5.0
240,Germany_Baseload#19#0#10000106,2021-10-12 06:57:26.674000,120.0,1.0,119.5,3.0,119.05,1.0,119.75,1.0,119.0,2.0,120.0,1.0,118.9,1.0,120.15,1.0,118.5,3.0,120.9,1.0,118.1,1.0,121.0,1.0,118.0,2.0,122.0,1.0,117.0,1.0,123.25,1.0,116.75,3.0,124.0,1.0,116.35,1.0,124.2,5.0
241,Germany_Baseload#19#0#10000106,2021-10-12 06:57:32.113000,120.0,1.0,119.5,3.0,119.0,2.0,119.75,1.0,118.9,1.0,120.0,1.0,118.5,3.0,120.15,1.0,118.1,1.0,120.9,1.0,118.0,2.0,121.0,1.0,117.0,1.0,122.0,1.0,116.75,3.0,123.25,1.0,116.35,1.0,124.0,1.0,116.05,1.0,124.2,5.0
242,Germany_Baseload#19#0#10000106,2021-10-12 06:57:45.593000,120.0,1.0,119.5,3.0,119.0,2.0,119.75,1.0,118.9,1.0,120.0,1.0,118.5,3.0,120.15,1.0,118.0,2.0,120.9,1.0,117.9,1.0,121.0,1.0,117.0,1.0,122.0,1.0,116.75,3.0,123.25,1.0,116.35,1.0,124.0,1.0,116.05,1.0,124.2,5.0
243,Germany_Baseload#19#0#10000106,2021-10-12 06:57:51.351000,120.0,1.0,119.5,3.0,119.0,1.0,119.75,1.0,118.9,1.0,120.0,1.0,118.5,3.0,120.15,1.0,118.0,2.0,120.9,1.0,117.9,1.0,121.0,1.0,117.0,1.0,122.0,1.0,116.75,3.0,123.25,1.0,116.35,1.0,124.0,1.0,116.05,1.0,124.2,5.0
244,Germany_Baseload#19#0#10000106,2021-10-12 06:57:52.693000,120.0,1.0,119.5,3.0,119.0,1.0,119.75,1.0,118.5,3.0,120.0,1.0,118.0,2.0,120.15,1.0,117.9,1.0,120.9,1.0,117.0,1.0,121.0,1.0,116.75,3.0,122.0,1.0,116.35,1.0,123.25,1.0,116.05,1.0,124.0,1.0,115.5,1.0,124.2,5.0
245,Germany_Baseload#19#0#10000106,2021-10-12 06:57:54.719000,120.0,1.0,119.5,1.0,119.0,1.0,119.75,1.0,118.5,3.0,120.0,1.0,118.0,2.0,120.15,1.0,117.9,1.0,120.9,1.0,117.0,1.0,121.0,1.0,116.75,3.0,122.0,1.0,116.35,1.0,123.25,1.0,116.05,1.0,124.0,1.0,115.5,1.0,124.2,5.0
246,Germany_Baseload#19#0#10000106,2021-10-12 06:57:54.731000,120.0,1.0,119.5,1.0,118.5,3.0,119.75,1.0,118.0,2.0,120.0,1.0,117.9,1.0,120.15,1.0,117.0,1.0,120.9,1.0,116.75,3.0,121.0,1.0,116.35,1.0,122.0,1.0,116.05,1.0,123.25,1.0,115.5,1.0,124.0,1.0,115.0,1.0,124.2,5.0
247,Germany_Baseload#19#0#10000106,2021-10-12 06:57:56.931000,120.0,1.0,119.5,1.0,118.5,3.0,119.75,1.0,118.0,2.0,120.0,1.0,117.9,1.0,120.15,1.0,116.75,3.0,120.9,1.0,116.35,1.0,121.0,1.0,116.05,1.0,122.0,1.0,115.5,1.0,123.25,1.0,115.0,1.0,124.0,1.0,112.5,1.0,124.2,5.0
248,Germany_Baseload#19#0#10000106,2021-10-12 06:57:56.950000,120.0,1.0,119.0,1.0,118.5,3.0,119.5,1.0,118.0,2.0,119.75,1.0,117.9,1.0,120.0,1.0,116.75,3.0,120.15,1.0,116.35,1.0,120.9,1.0,116.05,1.0,121.0,1.0,115.5,1.0,122.0,1.0,115.0,1.0,123.25,1.0,112.5,1.0,124.0,1.0
249,Germany_Baseload#19#0#10000106,2021-10-12 06:57:56.965000,120.0,1.0,119.5,1.0,118.5,3.0,119.75,1.0,118.0,2.0,120.0,1.0,117.9,1.0,120.15,1.0,116.75,3.0,120.9,1.0,116.35,1.0,121.0,1.0,116.05,1.0,122.0,1.0,115.5,1.0,123.25,1.0,115.0,1.0,124.0,1.0,112.5,1.0,124.2,5.0
250,Germany_Baseload#19#0#10000106,2021-10-12 06:58:04.432000,120.0,1.0,119.0,1.0,118.5,3.0,119.4,1.0,118.0,2.0,119.5,1.0,117.9,1.0,119.75,1.0,116.75,3.0,120.0,1.0,116.35,1.0,120.15,1.0,116.05,1.0,120.9,1.0,115.5,1.0,121.0,1.0,115.0,1.0,122.0,1.0,112.5,1.0,123.25,1.0
251,Germany_Baseload#19#0#10000106,2021-10-12 06:58:05.459000,120.0,1.0,119.0,1.0,118.5,3.0,119.4,1.0,118.0,2.0,119.5,1.0,117.9,1.0,119.75,1.0,116.75,3.0,120.0,1.0,116.35,1.0,120.15,1.0,116.05,1.0,120.9,1.0,115.5,1.0,121.0,1.0,115.0,1.0,122.0,1.0,112.5,1.0,123.25,1.0
252,Germany_Baseload#19#0#10000106,2021-10-12 06:58:12.173000,120.0,1.0,119.0,1.0,118.0,2.0,119.4,1.0,117.9,1.0,119.5,1.0,116.75,3.0,119.75,1.0,116.35,1.0,120.0,1.0,116.05,1.0,120.15,1.0,115.5,1.0,120.9,1.0,115.0,1.0,121.0,1.0,112.5,1.0,122.0,1.0,112.47,1.0,123.25,1.0
253,Germany_Baseload#19#0#10000106,2021-10-12 06:58:13.628000,120.0,1.0,119.0,1.0,118.0,2.0,119.4,1.0,116.75,3.0,119.5,1.0,116.35,1.0,119.75,1.0,116.05,1.0,120.0,1.0,115.5,1.0,120.15,1.0,115.0,1.0,120.9,1.0,112.5,1.0,121.0,1.0,112.47,1.0,122.0,1.0,112.44,1.0,123.25,1.0
254,Germany_Baseload#19#0#10000106,2021-10-12 06:58:13.721000,120.0,1.0,119.0,1.0,118.0,2.0,119.4,1.0,116.75,3.0,119.5,1.0,116.35,1.0,119.75,1.0,116.05,6.0,120.0,1.0,115.5,1.0,120.15,1.0,115.0,1.0,120.9,1.0,112.5,1.0,121.0,1.0,112.47,1.0,122.0,1.0,112.44,1.0,123.25,1.0
255,Germany_Baseload#19#0#10000106,2021-10-12 06:58:13.735000,120.0,1.0,119.0,1.0,118.0,2.0,119.4,1.0,116.75,3.0,119.5,1.0,116.05,6.0,119.75,1.0,115.9,1.0,120.0,1.0,115.5,1.0,120.15,1.0,115.0,1.0,120.9,1.0,112.5,1.0,121.0,1.0,112.47,1.0,122.0,1.0,112.44,1.0,123.25,1.0
256,Germany_Baseload#19#0#10000106,2021-10-12 06:58:18.060000,120.0,1.0,119.0,1.0,118.0,2.0,119.4,1.0,116.75,3.0,119.5,1.0,116.05,3.0,119.75,1.0,115.9,1.0,120.0,1.0,115.5,1.0,120.15,1.0,115.0,1.0,120.9,1.0,112.5,1.0,121.0,1.0,112.47,1.0,122.0,1.0,112.44,1.0,123.25,1.0
257,Germany_Baseload#19#0#10000106,2021-10-12 06:58:23.988000,120.0,1.0,119.0,1.0,118.0,2.0,119.4,1.0,116.75,3.0,119.5,1.0,116.05,3.0,119.75,1.0,115.9,1.0,120.0,1.0,115.5,1.0,120.15,1.0,115.0,1.0,120.9,1.0,112.5,1.0,121.0,1.0,112.47,1.0,122.0,1.0,112.44,1.0,123.25,1.0
258,Germany_Baseload#19#0#10000106,2021-10-12 06:58:27.461000,120.0,1.0,119.0,1.0,118.0,2.0,119.4,1.0,117.0,1.0,119.5,1.0,116.75,3.0,119.75,1.0,116.05,3.0,120.0,1.0,115.9,1.0,120.15,1.0,115.5,1.0,120.9,1.0,115.0,1.0,121.0,1.0,112.5,1.0,122.0,1.0,112.47,1.0,123.25,1.0
259,Germany_Baseload#19#0#10000106,2021-10-12 06:58:43.081000,120.0,1.0,119.0,1.0,118.0,2.0,119.4,1.0,117.0,1.0,119.5,1.0,116.75,3.0,119.75,1.0,116.05,3.0,120.0,1.0,115.9,1.0,120.15,1.0,115.5,1.0,120.9,1.0,115.0,1.0,121.0,1.0,112.5,1.0,122.0,1.0,112.47,1.0,123.25,1.0
260,Germany_Baseload#19#0#10000106,2021-10-12 06:58:44.259000,120.0,1.0,119.0,1.0,118.0,2.0,119.4,1.0,117.0,1.0,119.5,1.0,116.75,3.0,119.75,1.0,116.05,1.0,120.0,1.0,115.9,1.0,120.15,1.0,115.5,1.0,120.9,1.0,115.0,1.0,121.0,1.0,112.5,1.0,122.0,1.0,112.47,1.0,123.25,1.0
261,Germany_Baseload#19#0#10000106,2021-10-12 06:59:47.293000,120.0,1.0,119.0,1.0,118.0,2.0,119.4,1.0,117.0,1.0,119.5,1.0,116.75,3.0,119.75,1.0,116.05,1.0,120.0,1.0,115.9,1.0,120.15,1.0,115.5,1.0,120.9,1.0,115.0,1.0,121.0,1.0,112.5,1.0,122.0,1.0,112.47,1.0,123.25,1.0
262,Germany_Baseload#19#0#10000106,2021-10-12 06:59:48.661000,120.0,1.0,119.0,1.0,118.0,2.0,119.4,1.0,117.0,1.0,119.5,1.0,116.75,3.0,119.75,1.0,116.05,1.0,120.0,1.0,115.9,1.0,120.15,1.0,115.5,1.0,120.9,1.0,115.0,1.0,121.0,1.0,112.5,1.0,122.0,1.0,112.47,1.0,123.25,1.0
263,Germany_Baseload#19#0#10000106,2021-10-12 06:59:52.948000,120.0,1.0,119.0,1.0,118.0,2.0,119.4,1.0,117.0,1.0,119.5,1.0,116.75,3.0,119.75,1.0,116.05,1.0,120.0,1.0,115.9,1.0,120.15,1.0,115.5,1.0,120.9,1.0,115.0,1.0,121.0,1.0,112.5,1.0,122.0,1.0,112.47,1.0,123.25,1.0
264,Germany_Baseload#19#0#10000106,2021-10-12 06:59:53.915000,120.0,1.0,119.0,1.0,118.0,2.0,119.4,1.0,117.0,1.0,119.5,1.0,116.75,3.0,119.75,1.0,116.05,1.0,120.0,1.0,115.9,1.0,120.15,1.0,115.5,1.0,120.9,1.0,115.0,1.0,121.0,1.0,112.5,1.0,122.0,1.0,112.47,1.0,123.25,1.0
265,Germany_Baseload#19#0#10000106,2021-10-12 06:59:59.571000,120.0,1.0,119.0,1.0,118.0,2.0,119.4,1.0,117.0,1.0,119.5,1.0,116.75,3.0,119.75,1.0,116.05,1.0,120.0,1.0,115.9,1.0,120.15,1.0,115.5,1.0,120.9,1.0,115.0,1.0,121.0,1.0,112.5,1.0,122.0,1.0,112.47,1.0,123.25,1.0
266,Germany_Baseload#19#0#10000106,2021-10-12 07:00:05.839000,120.0,1.0,119.0,1.0,118.0,2.0,119.4,1.0,117.5,1.0,119.5,1.0,117.0,1.0,119.75,1.0,116.75,3.0,120.0,1.0,116.05,1.0,120.15,1.0,115.9,1.0,120.9,1.0,115.5,1.0,121.0,1.0,115.0,1.0,122.0,1.0,112.5,1.0,123.25,1.0
267,Germany_Baseload#19#0#10000106,2021-10-12 07:00:05.886000,120.0,1.0,119.0,1.0,118.0,2.0,119.4,1.0,117.5,1.0,119.5,1.0,117.47,1.0,119.75,1.0,117.0,1.0,120.0,1.0,116.75,3.0,120.15,1.0,116.05,1.0,120.9,1.0,115.9,1.0,121.0,1.0,115.5,1.0,122.0,1.0,115.0,1.0,123.25,1.0
268,Germany_Baseload#19#0#10000106,2021-10-12 07:00:05.888000,120.0,1.0,119.0,1.0,118.0,2.0,119.4,1.0,117.5,1.0,119.5,1.0,117.0,1.0,119.75,1.0,116.75,3.0,120.0,1.0,116.05,1.0,120.15,1.0,115.9,1.0,120.9,1.0,115.5,1.0,121.0,1.0,115.0,1.0,122.0,1.0,112.5,1.0,123.25,1.0
269,Germany_Baseload#19#0#10000106,2021-10-12 07:00:05.902000,120.0,1.0,119.0,1.0,118.0,2.0,119.4,1.0,117.5,1.0,119.5,1.0,117.47,2.0,119.75,1.0,117.0,1.0,120.0,1.0,116.75,3.0,120.15,1.0,116.05,1.0,120.9,1.0,115.9,1.0,121.0,1.0,115.5,1.0,122.0,1.0,115.0,1.0,123.25,1.0
270,Germany_Baseload#19#0#10000106,2021-10-12 07:00:05.929000,120.0,1.0,119.0,1.0,118.0,2.0,119.4,1.0,117.5,1.0,119.5,1.0,117.47,2.0,119.75,1.0,117.0,1.0,120.0,1.0,116.75,3.0,120.15,1.0,116.05,1.0,120.9,1.0,115.9,1.0,121.0,1.0,115.5,1.0,122.0,1.0,115.0,1.0,123.25,1.0
271,Germany_Baseload#19#0#10000106,2021-10-12 07:00:07.511000,120.0,1.0,119.0,1.0,118.0,2.0,119.4,1.0,117.5,1.0,119.5,1.0,117.47,2.0,119.75,1.0,117.0,1.0,120.0,3.0,116.75,3.0,120.15,1.0,116.05,1.0,120.9,1.0,115.9,1.0,121.0,1.0,115.5,1.0,122.0,1.0,115.0,1.0,123.25,1.0
272,Germany_Baseload#19#0#10000106,2021-10-12 07:00:31.196000,120.0,1.0,119.0,1.0,118.0,2.0,119.4,1.0,117.5,1.0,119.5,1.0,117.47,2.0,119.75,1.0,117.0,1.0,120.0,3.0,116.75,3.0,120.15,1.0,116.05,1.0,120.9,1.0,115.9,1.0,121.0,1.0,115.5,1.0,122.0,1.0,115.0,1.0,123.25,1.0
273,Germany_Baseload#19#0#10000106,2021-10-12 07:00:31.519000,120.0,1.0,119.0,1.0,118.0,2.0,119.4,1.0,117.5,1.0,119.5,1.0,117.47,2.0,119.75,1.0,117.0,1.0,120.0,3.0,116.75,3.0,120.15,1.0,116.05,1.0,120.9,1.0,115.9,1.0,121.0,1.0,115.5,1.0,122.0,1.0,115.0,1.0,123.25,1.0
274,Germany_Baseload#19#0#10000106,2021-10-12 07:00:32.486000,120.0,1.0,119.0,1.0,118.0,2.0,119.4,1.0,117.5,1.0,119.5,1.0,117.47,2.0,119.75,1.0,117.0,1.0,120.0,3.0,116.75,3.0,120.15,1.0,116.05,1.0,120.9,1.0,115.9,1.0,121.0,1.0,115.5,1.0,122.0,1.0,115.0,1.0,123.25,1.0
275,Germany_Baseload#19#0#10000106,2021-10-12 07:00:32.895000,120.0,1.0,119.0,1.0,118.0,2.0,119.4,1.0,117.5,1.0,119.5,1.0,117.47,2.0,119.75,1.0,117.0,1.0,120.0,3.0,116.75,3.0,120.15,1.0,116.05,1.0,120.9,1.0,115.9,1.0,121.0,1.0,115.5,1.0,122.0,1.0,115.0,1.0,123.25,1.0
276,Germany_Baseload#19#0#10000106,2021-10-12 07:00:33.082000,120.0,1.0,119.0,1.0,118.0,2.0,119.4,1.0,117.5,1.0,119.5,1.0,117.47,2.0,119.75,1.0,117.0,1.0,120.0,3.0,116.75,3.0,120.15,1.0,116.05,1.0,120.9,5.0,115.9,1.0,121.0,1.0,115.5,1.0,122.0,1.0,115.0,1.0,123.25,1.0
277,Germany_Baseload#19#0#10000106,2021-10-12 07:00:33.717000,120.0,1.0,119.0,1.0,118.0,2.0,119.4,1.0,117.5,1.0,119.5,1.0,117.47,2.0,119.75,1.0,117.0,1.0,120.0,3.0,116.75,3.0,120.15,1.0,116.05,1.0,120.9,5.0,115.9,1.0,121.0,1.0,115.5,1.0,122.0,1.0,115.0,1.0,123.25,1.0
278,Germany_Baseload#19#0#10000106,2021-10-12 07:00:41.787000,120.0,1.0,119.0,1.0,118.0,2.0,119.4,1.0,117.5,1.0,119.5,1.0,117.47,2.0,119.75,1.0,117.0,1.0,120.0,3.0,116.75,3.0,120.15,1.0,116.05,1.0,120.9,5.0,115.9,1.0,121.0,1.0,115.5,1.0,122.0,1.0,115.0,1.0,123.25,1.0
279,Germany_Baseload#19#0#10000106,2021-10-12 07:00:48.412000,120.0,1.0,119.0,1.0,118.0,2.0,119.45,1.0,117.5,1.0,119.5,1.0,117.47,2.0,119.75,1.0,117.0,1.0,120.0,3.0,116.75,3.0,120.15,1.0,116.05,1.0,120.9,5.0,115.9,1.0,121.0,1.0,115.5,1.0,122.0,1.0,115.0,1.0,123.25,1.0
280,Germany_Baseload#19#0#10000106,2021-10-12 07:00:50.265000,120.0,1.0,119.0,1.0,118.0,2.0,119.45,1.0,117.5,1.0,119.5,1.0,117.47,2.0,119.75,1.0,117.0,1.0,120.0,3.0,116.75,3.0,120.15,1.0,116.05,1.0,120.9,5.0,115.9,1.0,121.0,1.0,115.5,1.0,122.0,1.0,115.0,1.0,123.25,1.0
281,Germany_Baseload#19#0#10000106,2021-10-12 07:00:50.409000,120.0,1.0,119.0,1.0,118.0,2.0,119.45,1.0,117.5,1.0,119.5,1.0,117.47,2.0,119.75,1.0,117.0,1.0,120.0,3.0,116.75,3.0,120.15,1.0,116.05,1.0,120.9,5.0,115.9,1.0,121.0,1.0,115.5,1.0,122.0,1.0,115.0,1.0,123.25,1.0
282,Germany_Baseload#19#0#10000106,2021-10-12 07:01:03.757000,120.0,1.0,119.0,1.0,118.0,2.0,119.45,1.0,117.5,1.0,119.5,1.0,117.47,2.0,119.75,1.0,117.2,1.0,120.0,3.0,116.75,3.0,120.15,1.0,116.05,1.0,120.9,5.0,115.9,1.0,121.0,1.0,115.5,1.0,122.0,1.0,115.0,1.0,123.25,1.0
283,Germany_Baseload#19#0#10000106,2021-10-12 07:01:10.182000,120.0,1.0,119.0,1.0,118.0,2.0,119.45,1.0,117.5,1.0,119.5,1.0,117.47,2.0,119.75,1.0,117.2,1.0,120.0,3.0,116.75,3.0,120.15,1.0,116.05,1.0,120.9,5.0,115.9,1.0,121.0,1.0,115.5,1.0,122.0,1.0,115.0,1.0,123.25,1.0
284,Germany_Baseload#19#0#10000106,2021-10-12 07:01:10.379000,120.0,1.0,119.0,1.0,118.0,2.0,119.45,1.0,117.5,1.0,119.5,1.0,117.47,2.0,119.75,1.0,117.2,1.0,120.0,3.0,116.75,3.0,120.15,1.0,116.2,1.0,120.9,5.0,116.05,1.0,121.0,1.0,115.9,1.0,122.0,1.0,115.5,1.0,123.25,1.0
285,Germany_Baseload#19#0#10000106,2021-10-12 07:01:13.358000,120.0,1.0,119.0,1.0,118.0,2.0,119.45,1.0,117.5,1.0,119.5,1.0,117.47,2.0,119.75,1.0,117.2,1.0,120.0,3.0,116.75,3.0,120.15,1.0,116.2,5.0,120.9,5.0,116.05,1.0,121.0,1.0,115.9,1.0,122.0,1.0,115.5,1.0,123.25,1.0
286,Germany_Baseload#19#0#10000106,2021-10-12 07:01:17.383000,120.0,1.0,119.0,1.0,118.0,2.0,119.45,1.0,117.5,1.0,119.5,1.0,117.47,2.0,119.75,1.0,117.2,1.0,120.0,3.0,116.75,3.0,120.15,1.0,116.2,5.0,120.9,5.0,116.05,1.0,121.0,1.0,115.9,1.0,122.0,1.0,115.5,1.0,123.25,1.0
287,Germany_Baseload#19#0#10000106,2021-10-12 07:01:18.968000,120.0,1.0,119.0,1.0,118.0,2.0,119.45,1.0,117.5,1.0,119.5,1.0,117.47,2.0,119.75,1.0,117.2,1.0,120.0,3.0,116.75,3.0,120.15,1.0,116.2,5.0,120.9,5.0,116.05,1.0,121.0,1.0,115.9,1.0,122.0,1.0,115.5,1.0,123.25,1.0
288,Germany_Baseload#19#0#10000106,2021-10-12 07:01:21.862000,120.0,1.0,119.0,1.0,118.0,2.0,119.45,1.0,117.5,1.0,119.5,1.0,117.47,2.0,119.75,1.0,117.2,1.0,120.0,3.0,116.75,3.0,120.15,1.0,116.2,5.0,120.9,5.0,116.05,1.0,121.0,1.0,115.9,1.0,122.0,1.0,115.5,1.0,123.25,1.0
289,Germany_Baseload#19#0#10000106,2021-10-12 07:01:25.121000,120.0,1.0,119.0,1.0,118.0,2.0,119.45,1.0,117.5,1.0,119.5,1.0,117.47,2.0,119.75,1.0,117.2,1.0,120.0,3.0,117.0,1.0,120.15,1.0,116.75,3.0,120.9,5.0,116.2,5.0,121.0,1.0,116.05,1.0,122.0,1.0,115.9,1.0,123.25,1.0
290,Germany_Baseload#19#0#10000106,2021-10-12 07:01:26.206000,120.0,1.0,119.0,1.0,118.0,2.0,119.45,1.0,117.5,1.0,119.5,1.0,117.47,2.0,119.75,1.0,117.2,1.0,120.0,3.0,117.0,1.0,120.15,1.0,116.75,3.0,120.9,5.0,116.2,5.0,121.0,1.0,116.05,1.0,122.0,1.0,115.9,1.0,123.25,1.0
291,Germany_Baseload#19#0#10000106,2021-10-12 07:01:37.101000,120.0,1.0,119.0,1.0,118.0,2.0,119.45,1.0,117.5,1.0,119.5,1.0,117.47,2.0,119.75,1.0,117.2,1.0,120.0,3.0,117.0,1.0,120.15,1.0,116.75,3.0,120.9,5.0,116.2,5.0,121.0,1.0,116.05,1.0,122.0,1.0,115.9,1.0,123.25,1.0
292,Germany_Baseload#19#0#10000106,2021-10-12 07:01:48.534000,120.0,1.0,119.0,1.0,118.0,2.0,119.45,1.0,117.5,1.0,119.5,1.0,117.47,2.0,119.75,1.0,117.2,1.0,120.0,3.0,117.0,1.0,120.15,1.0,116.75,3.0,120.9,5.0,116.2,5.0,121.0,1.0,116.05,1.0,122.0,1.0,115.9,1.0,123.25,1.0
293,Germany_Baseload#19#0#10000106,2021-10-12 07:01:50.609000,120.0,1.0,119.0,1.0,118.0,2.0,119.45,1.0,117.5,1.0,119.5,1.0,117.47,2.0,119.75,1.0,117.2,1.0,120.0,3.0,117.0,1.0,120.15,1.0,116.75,3.0,120.9,5.0,116.2,5.0,121.0,1.0,116.05,1.0,122.0,1.0,115.9,1.0,123.25,1.0
294,Germany_Baseload#19#0#10000106,2021-10-12 07:01:51.966000,120.0,1.0,119.0,1.0,118.0,2.0,119.45,1.0,117.5,1.0,119.5,1.0,117.47,2.0,119.75,1.0,117.2,1.0,120.0,3.0,117.0,1.0,120.15,1.0,116.75,3.0,120.9,5.0,116.2,5.0,121.0,1.0,116.05,1.0,122.0,1.0,115.9,1.0,123.25,1.0
295,Germany_Baseload#19#0#10000106,2021-10-12 07:01:57.512000,120.0,1.0,119.45,1.0,118.0,2.0,119.5,1.0,117.5,1.0,119.75,1.0,117.47,2.0,120.0,3.0,117.2,1.0,120.15,1.0,117.0,1.0,120.9,5.0,116.75,3.0,121.0,1.0,116.2,5.0,122.0,1.0,116.05,1.0,123.25,1.0,115.9,1.0,124.0,5.0
296,Germany_Baseload#19#0#10000106,2021-10-12 07:01:57.531000,120.0,1.0,118.0,1.0,118.0,2.0,119.45,1.0,117.5,1.0,119.5,1.0,117.47,2.0,119.75,1.0,117.2,1.0,120.0,3.0,117.0,1.0,120.15,1.0,116.75,3.0,120.9,5.0,116.2,5.0,121.0,1.0,116.05,1.0,122.0,1.0,115.9,1.0,123.25,1.0
297,Germany_Baseload#19#0#10000106,2021-10-12 07:01:58.128000,120.0,1.0,118.0,1.0,118.0,2.0,119.15,1.0,117.5,1.0,119.45,1.0,117.47,2.0,119.5,1.0,117.2,1.0,119.75,1.0,117.0,1.0,120.0,3.0,116.75,3.0,120.9,5.0,116.2,5.0,121.0,1.0,116.05,1.0,122.0,1.0,115.9,1.0,123.25,1.0
298,Germany_Baseload#19#0#10000106,2021-10-12 07:01:59.089000,120.0,1.0,118.0,1.0,118.0,2.0,119.45,1.0,117.5,1.0,119.5,1.0,117.47,2.0,119.6,1.0,117.2,1.0,119.75,1.0,117.0,1.0,120.0,3.0,116.75,3.0,120.9,5.0,116.2,5.0,121.0,1.0,116.05,1.0,122.0,1.0,115.9,1.0,123.25,1.0
299,Germany_Baseload#19#0#10000106,2021-10-12 07:02:00.385000,120.0,1.0,118.0,1.0,117.5,1.0,119.45,1.0,117.47,2.0,119.5,1.0,117.2,1.0,119.6,1.0,117.0,1.0,119.75,1.0,116.75,3.0,120.0,3.0,116.2,5.0,120.9,5.0,116.05,1.0,121.0,1.0,115.9,1.0,122.0,1.0,115.5,1.0,123.25,1.0
300,Germany_Baseload#19#0#10000106,2021-10-12 07:02:01.814000,120.0,1.0,119.45,1.0,117.5,1.0,119.5,1.0,117.47,2.0,119.6,1.0,117.2,1.0,119.75,1.0,117.0,1.0,120.0,3.0,116.75,3.0,120.9,5.0,116.2,5.0,121.0,1.0,116.05,1.0,122.0,1.0,115.9,1.0,123.25,1.0,115.5,1.0,124.0,5.0
301,Germany_Baseload#19#0#10000106,2021-10-12 07:02:01.846000,120.0,1.0,118.0,1.0,117.5,1.0,119.45,1.0,117.47,2.0,119.5,1.0,117.2,1.0,119.6,1.0,117.0,1.0,119.75,1.0,116.75,3.0,120.0,3.0,116.2,5.0,120.9,5.0,116.05,1.0,121.0,1.0,115.9,1.0,122.0,1.0,115.5,1.0,123.25,1.0
302,Germany_Baseload#19#0#10000106,2021-10-12 07:02:02.385000,120.0,1.0,118.0,1.0,117.5,1.0,119.45,1.0,117.47,2.0,119.5,1.0,117.2,1.0,119.6,1.0,117.0,1.0,119.75,1.0,116.75,3.0,120.0,3.0,116.2,5.0,120.9,5.0,116.05,1.0,121.0,1.0,115.9,1.0,122.0,1.0,115.5,1.0,123.25,1.0
303,Germany_Baseload#19#0#10000106,2021-10-12 07:02:02.429000,120.0,1.0,118.0,1.0,117.5,1.0,119.45,1.0,117.47,1.0,119.5,1.0,117.2,1.0,119.6,1.0,117.0,1.0,119.75,1.0,116.75,3.0,120.0,3.0,116.2,5.0,120.9,5.0,116.05,1.0,121.0,1.0,115.9,1.0,122.0,1.0,115.5,1.0,123.25,1.0
304,Germany_Baseload#19#0#10000106,2021-10-12 07:02:02.432000,120.0,1.0,118.0,1.0,117.5,1.0,119.45,1.0,117.2,1.0,119.5,1.0,117.0,1.0,119.6,1.0,116.75,3.0,119.75,1.0,116.2,5.0,120.0,3.0,116.05,1.0,120.9,5.0,115.9,1.0,121.0,1.0,115.5,1.0,122.0,1.0,115.0,1.0,123.25,1.0
305,Germany_Baseload#19#0#10000106,2021-10-12 07:02:02.435000,120.0,1.0,118.0,1.0,117.5,1.0,119.45,1.0,117.2,1.0,119.5,1.0,117.0,1.0,119.6,1.0,116.75,3.0,119.75,1.0,116.2,5.0,120.0,3.0,116.05,1.0,120.9,5.0,115.9,1.0,121.0,1.0,115.5,1.0,122.0,1.0,115.0,1.0,123.25,1.0
306,Germany_Baseload#19#0#10000106,2021-10-12 07:02:02.463000,120.0,1.0,118.0,1.0,117.5,1.0,119.45,1.0,117.2,1.0,119.5,1.0,117.0,1.0,119.6,1.0,116.75,3.0,119.75,1.0,116.2,5.0,120.0,3.0,116.05,1.0,120.9,5.0,115.9,1.0,121.0,1.0,115.5,1.0,122.0,1.0,115.0,1.0,123.25,1.0
307,Germany_Baseload#19#0#10000106,2021-10-12 07:02:03.936000,120.0,1.0,118.0,1.0,117.2,1.0,119.45,1.0,117.0,1.0,119.5,1.0,116.75,3.0,119.6,1.0,116.2,5.0,119.75,1.0,116.05,1.0,120.0,3.0,115.9,1.0,120.9,5.0,115.5,1.0,121.0,1.0,115.0,1.0,122.0,1.0,112.5,1.0,123.25,1.0
308,Germany_Baseload#19#0#10000106,2021-10-12 07:02:04.875000,120.0,1.0,118.0,1.0,117.0,1.0,119.45,1.0,116.75,3.0,119.5,1.0,116.2,5.0,119.6,1.0,116.05,1.0,119.75,1.0,115.9,1.0,120.0,3.0,115.5,1.0,120.9,5.0,115.0,1.0,121.0,1.0,112.5,1.0,122.0,1.0,112.47,1.0,123.25,1.0
309,Germany_Baseload#19#0#10000106,2021-10-12 07:02:04.977000,120.0,1.0,118.0,1.0,117.0,1.0,119.45,1.0,116.75,3.0,119.5,1.0,116.25,5.0,119.6,1.0,116.2,5.0,119.75,1.0,116.05,1.0,120.0,3.0,115.9,1.0,120.9,5.0,115.5,1.0,121.0,1.0,115.0,1.0,122.0,1.0,112.5,1.0,123.25,1.0
310,Germany_Baseload#19#0#10000106,2021-10-12 07:02:05.029000,120.0,1.0,118.0,1.0,117.05,1.0,119.45,1.0,117.0,1.0,119.5,1.0,116.75,3.0,119.6,1.0,116.25,5.0,119.75,1.0,116.2,5.0,120.0,3.0,116.05,1.0,120.9,5.0,115.5,1.0,121.0,1.0,115.0,1.0,122.0,1.0,112.5,1.0,123.25,1.0
311,Germany_Baseload#19#0#10000106,2021-10-12 07:02:05.264000,120.0,1.0,118.0,1.0,117.0,1.0,119.45,1.0,116.75,3.0,119.5,1.0,116.25,5.0,119.6,1.0,116.2,5.0,119.75,1.0,116.1,1.0,120.0,3.0,116.05,1.0,120.9,5.0,115.5,1.0,121.0,1.0,115.0,1.0,122.0,1.0,112.5,1.0,123.25,1.0
312,Germany_Baseload#19#0#10000106,2021-10-12 07:02:06.780000,120.0,1.0,118.0,1.0,117.0,1.0,119.45,1.0,116.75,3.0,119.5,1.0,116.25,5.0,119.6,1.0,116.1,1.0,119.75,1.0,116.05,1.0,120.0,3.0,115.5,1.0,120.9,5.0,115.0,1.0,121.0,1.0,112.5,1.0,122.0,1.0,112.47,1.0,123.25,1.0
313,Germany_Baseload#19#0#10000106,2021-10-12 07:02:06.889000,120.0,1.0,118.0,1.0,117.0,1.0,119.45,1.0,116.75,3.0,119.5,1.0,116.15,5.0,119.6,1.0,116.1,1.0,119.75,1.0,116.05,1.0,120.0,3.0,115.5,1.0,120.9,5.0,115.0,1.0,121.0,1.0,112.5,1.0,122.0,1.0,112.47,1.0,123.25,1.0
314,Germany_Baseload#19#0#10000106,2021-10-12 07:02:06.985000,120.0,1.0,118.0,1.0,117.0,1.0,119.45,1.0,116.75,3.0,119.5,1.0,116.15,5.0,119.6,1.0,116.05,1.0,119.75,1.0,116.0,1.0,120.0,3.0,115.5,1.0,120.9,5.0,115.0,1.0,121.0,1.0,112.5,1.0,122.0,1.0,112.47,1.0,123.25,1.0
315,Germany_Baseload#19#0#10000106,2021-10-12 07:02:08.243000,120.0,1.0,119.45,1.0,117.0,1.0,119.5,1.0,116.75,3.0,119.6,1.0,116.15,5.0,119.75,1.0,116.05,1.0,120.0,3.0,116.0,1.0,120.9,5.0,115.5,1.0,121.0,1.0,115.0,1.0,122.0,1.0,112.5,1.0,123.25,1.0,112.47,1.0,124.0,5.0
316,Germany_Baseload#19#0#10000106,2021-10-12 07:02:08.274000,120.0,1.0,118.0,1.0,117.0,1.0,119.45,1.0,116.75,3.0,119.5,1.0,116.15,5.0,119.6,1.0,116.05,1.0,119.75,1.0,116.0,1.0,120.0,3.0,115.5,1.0,120.9,5.0,115.0,1.0,121.0,1.0,112.5,1.0,122.0,1.0,112.47,1.0,123.25,1.0
317,Germany_Baseload#19#0#10000106,2021-10-12 07:02:08.863000,120.0,1.0,118.0,1.0,117.0,1.0,119.15,1.0,116.75,3.0,119.45,1.0,116.15,5.0,119.5,1.0,116.05,1.0,119.75,1.0,116.0,1.0,120.0,3.0,115.5,1.0,120.9,5.0,115.0,1.0,121.0,1.0,112.5,1.0,122.0,1.0,112.47,1.0,123.25,1.0
318,Germany_Baseload#19#0#10000106,2021-10-12 07:02:09.081000,120.0,1.0,118.0,1.0,117.0,1.0,119.45,1.0,116.75,3.0,119.5,1.0,116.15,5.0,119.6,1.0,116.05,1.0,119.75,1.0,116.0,1.0,120.0,3.0,115.5,1.0,120.9,5.0,115.0,1.0,121.0,1.0,112.5,1.0,122.0,1.0,112.47,1.0,123.25,1.0
319,Germany_Baseload#19#0#10000106,2021-10-12 07:02:13.422000,120.0,1.0,119.45,1.0,117.0,1.0,119.5,1.0,116.75,3.0,119.6,1.0,116.15,5.0,119.75,1.0,116.05,1.0,120.0,3.0,116.0,1.0,120.9,5.0,115.5,1.0,121.0,1.0,115.0,1.0,122.0,1.0,112.5,1.0,123.25,1.0,112.47,1.0,124.0,5.0
320,Germany_Baseload#19#0#10000106,2021-10-12 07:02:13.452000,120.0,1.0,118.0,1.0,117.0,1.0,119.45,1.0,116.75,3.0,119.5,1.0,116.15,5.0,119.6,1.0,116.05,1.0,119.75,1.0,116.0,1.0,120.0,3.0,115.5,1.0,120.9,5.0,115.0,1.0,121.0,1.0,112.5,1.0,122.0,1.0,112.47,1.0,123.25,1.0
321,Germany_Baseload#19#0#10000106,2021-10-12 07:02:16.326000,120.0,1.0,119.45,1.0,117.0,1.0,119.5,1.0,116.75,3.0,119.6,1.0,116.15,5.0,119.75,1.0,116.05,1.0,120.0,3.0,116.0,1.0,120.9,5.0,115.5,1.0,121.0,1.0,115.0,1.0,122.0,1.0,112.5,1.0,123.25,1.0,112.47,1.0,124.0,5.0
322,Germany_Baseload#19#0#10000106,2021-10-12 07:02:16.356000,120.0,1.0,118.0,1.0,117.0,1.0,119.45,1.0,116.75,3.0,119.5,1.0,116.15,5.0,119.6,1.0,116.05,1.0,119.75,1.0,116.0,1.0,120.0,3.0,115.5,1.0,120.9,5.0,115.0,1.0,121.0,1.0,112.5,1.0,122.0,1.0,112.47,1.0,123.25,1.0
323,Germany_Baseload#19#0#10000106,2021-10-12 07:02:16.894000,120.0,1.0,118.0,1.0,117.0,1.0,119.15,1.0,116.75,3.0,119.45,1.0,116.15,5.0,119.5,1.0,116.05,1.0,119.75,1.0,116.0,1.0,120.0,3.0,115.5,1.0,120.9,5.0,115.0,1.0,121.0,1.0,112.5,1.0,122.0,1.0,112.47,1.0,123.25,1.0
324,Germany_Baseload#19#0#10000106,2021-10-12 07:02:17.124000,120.0,1.0,118.0,1.0,117.0,1.0,119.45,1.0,116.75,3.0,119.5,1.0,116.15,5.0,119.6,1.0,116.05,1.0,119.75,1.0,116.0,1.0,120.0,3.0,115.5,1.0,120.9,5.0,115.0,1.0,121.0,1.0,112.5,1.0,122.0,1.0,112.47,1.0,123.25,1.0
325,Germany_Baseload#19#0#10000106,2021-10-12 07:02:18.437000,120.0,1.0,118.0,1.0,117.5,1.0,119.45,1.0,116.75,3.0,119.5,1.0,116.15,5.0,119.6,1.0,116.05,1.0,119.75,1.0,116.0,1.0,120.0,3.0,115.5,1.0,120.9,5.0,115.0,1.0,121.0,1.0,112.5,1.0,122.0,1.0,112.47,1.0,123.25,1.0
326,Germany_Baseload#19#0#10000106,2021-10-12 07:02:19.139000,120.0,1.0,119.45,1.0,117.5,1.0,119.5,1.0,116.75,3.0,119.6,1.0,116.15,5.0,119.75,1.0,116.05,1.0,120.0,3.0,116.0,1.0,120.9,5.0,115.5,1.0,121.0,1.0,115.0,1.0,122.0,1.0,112.5,1.0,123.25,1.0,112.47,1.0,124.0,5.0
327,Germany_Baseload#19#0#10000106,2021-10-12 07:02:20.667000,120.0,1.0,119.45,1.0,117.5,1.0,119.5,2.0,116.75,3.0,119.6,1.0,116.15,5.0,119.75,1.0,116.05,1.0,120.0,3.0,116.0,1.0,120.9,5.0,115.5,1.0,121.0,1.0,115.0,1.0,122.0,1.0,112.5,1.0,123.25,1.0,112.47,1.0,124.0,5.0
328,Germany_Baseload#19#0#10000106,2021-10-12 07:02:21.100000,120.0,1.0,119.5,2.0,117.5,1.0,119.6,1.0,116.75,3.0,119.75,1.0,116.15,5.0,120.0,3.0,116.05,1.0,120.9,5.0,116.0,1.0,121.0,1.0,115.5,1.0,122.0,1.0,115.0,1.0,123.25,1.0,112.5,1.0,124.0,5.0,112.47,1.0,125.5,1.0
329,Germany_Baseload#19#0#10000106,2021-10-12 07:02:21.202000,120.0,1.0,119.5,2.0,117.5,1.0,119.65,1.0,116.75,3.0,119.75,1.0,116.15,5.0,120.0,3.0,116.05,1.0,120.9,5.0,116.0,1.0,121.0,1.0,115.5,1.0,122.0,1.0,115.0,1.0,123.25,1.0,112.5,1.0,124.0,5.0,112.47,1.0,125.5,1.0
330,Germany_Baseload#19#0#10000106,2021-10-12 07:02:28.193000,120.0,1.0,119.0,1.0,117.5,1.0,119.5,2.0,116.75,3.0,119.65,1.0,116.15,5.0,119.75,1.0,116.05,1.0,120.0,3.0,116.0,1.0,120.9,5.0,115.5,1.0,121.0,1.0,115.0,1.0,122.0,1.0,112.5,1.0,123.25,1.0,112.47,1.0,124.0,5.0
331,Germany_Baseload#19#0#10000106,2021-10-12 07:02:30.260000,120.0,1.0,119.0,1.0,116.75,3.0,119.5,2.0,116.15,5.0,119.65,1.0,116.05,1.0,119.75,1.0,116.0,2.0,120.0,3.0,115.5,1.0,120.9,5.0,115.0,1.0,121.0,1.0,112.5,1.0,122.0,1.0,112.47,1.0,123.25,1.0,112.44,1.0,124.0,5.0
332,Germany_Baseload#19#0#10000106,2021-10-12 07:02:30.777000,120.0,1.0,118.0,1.0,118.0,1.0,118.03,1.0,116.75,3.0,118.06,1.0,116.15,5.0,119.0,1.0,116.05,1.0,119.5,2.0,116.0,2.0,119.65,1.0,115.5,1.0,119.75,1.0,115.0,1.0,120.0,3.0,112.5,1.0,120.9,5.0,112.47,1.0,121.0,1.0
333,Germany_Baseload#19#0#10000106,2021-10-12 07:02:31.126000,120.0,1.0,118.0,1.0,116.75,3.0,119.0,1.0,116.15,5.0,119.5,2.0,116.05,1.0,119.65,1.0,116.0,2.0,119.75,1.0,115.5,1.0,120.0,3.0,115.0,1.0,120.9,5.0,112.5,1.0,121.0,1.0,112.47,1.0,122.0,1.0,112.44,1.0,123.25,1.0
334,Germany_Baseload#19#0#10000106,2021-10-12 07:02:31.157000,120.0,1.0,118.0,1.0,116.75,3.0,118.03,1.0,116.15,5.0,119.0,1.0,116.05,1.0,119.5,2.0,116.0,2.0,119.65,1.0,115.5,1.0,119.75,1.0,115.0,1.0,120.0,3.0,112.5,1.0,120.9,5.0,112.47,1.0,121.0,1.0,112.44,1.0,122.0,1.0
335,Germany_Baseload#19#0#10000106,2021-10-12 07:02:31.164000,120.0,1.0,118.0,1.0,116.75,3.0,119.0,1.0,116.15,5.0,119.5,2.0,116.05,1.0,119.65,1.0,116.0,2.0,119.75,1.0,115.5,1.0,120.0,3.0,115.0,1.0,120.9,5.0,112.5,1.0,121.0,1.0,112.47,1.0,122.0,1.0,112.44,1.0,123.25,1.0
336,Germany_Baseload#19#0#10000106,2021-10-12 07:02:31.165000,120.0,1.0,118.0,1.0,116.75,3.0,119.0,1.0,116.15,5.0,119.5,2.0,116.05,1.0,119.65,1.0,116.0,2.0,119.75,1.0,115.5,1.0,120.0,3.0,115.0,1.0,120.9,5.0,112.5,1.0,121.0,1.0,112.47,1.0,122.0,1.0,112.44,1.0,123.25,1.0
337,Germany_Baseload#19#0#10000106,2021-10-12 07:02:31.173000,120.0,1.0,118.0,1.0,116.75,3.0,118.03,1.0,116.15,5.0,118.06,1.0,116.05,1.0,119.0,1.0,116.0,2.0,119.5,2.0,115.5,1.0,119.65,1.0,115.0,1.0,119.75,1.0,112.5,1.0,120.0,3.0,112.47,1.0,120.9,5.0,112.44,1.0,121.0,1.0
338,Germany_Baseload#19#0#10000106,2021-10-12 07:02:33.845000,120.0,1.0,118.03,1.0,118.0,1.0,118.06,1.0,116.75,3.0,119.0,1.0,116.15,5.0,119.5,2.0,116.05,1.0,119.65,1.0,116.0,2.0,119.75,1.0,115.5,1.0,120.0,3.0,115.0,1.0,120.9,5.0,112.5,1.0,121.0,1.0,112.47,1.0,122.0,1.0
339,Germany_Baseload#19#0#10000106,2021-10-12 07:02:33.876000,120.0,1.0,119.0,1.0,118.0,1.0,119.5,2.0,116.75,3.0,119.65,1.0,116.15,5.0,119.75,1.0,116.05,1.0,120.0,3.0,116.0,2.0,120.9,5.0,115.5,1.0,121.0,1.0,115.0,1.0,122.0,1.0,112.5,1.0,123.25,1.0,112.47,1.0,124.0,5.0
340,Germany_Baseload#19#0#10000106,2021-10-12 07:02:33.882000,120.0,1.0,118.03,1.0,118.0,1.0,119.0,1.0,116.75,3.0,119.5,2.0,116.15,5.0,119.65,1.0,116.05,1.0,119.75,1.0,116.0,2.0,120.0,3.0,115.5,1.0,120.9,5.0,115.0,1.0,121.0,1.0,112.5,1.0,122.0,1.0,112.47,1.0,123.25,1.0
341,Germany_Baseload#19#0#10000106,2021-10-12 07:02:33.883000,120.0,1.0,119.0,1.0,118.0,1.0,119.5,2.0,116.75,3.0,119.65,1.0,116.15,5.0,119.75,1.0,116.05,1.0,120.0,3.0,116.0,2.0,120.9,5.0,115.5,1.0,121.0,1.0,115.0,1.0,122.0,1.0,112.5,1.0,123.25,1.0,112.47,1.0,124.0,5.0
342,Germany_Baseload#19#0#10000106,2021-10-12 07:02:33.892000,120.0,1.0,119.0,1.0,118.0,1.0,119.5,2.0,116.75,3.0,119.65,1.0,116.15,5.0,119.75,1.0,116.05,1.0,120.0,3.0,116.0,2.0,120.9,5.0,115.5,1.0,121.0,1.0,115.0,1.0,122.0,1.0,112.5,1.0,123.25,1.0,112.47,1.0,124.0,5.0
343,Germany_Baseload#19#0#10000106,2021-10-12 07:02:35.784000,120.0,1.0,119.0,1.0,118.0,1.0,119.5,2.0,116.75,3.0,119.65,1.0,116.15,5.0,119.75,1.0,116.05,1.0,120.0,3.0,116.0,2.0,120.9,5.0,115.5,1.0,121.0,1.0,115.0,1.0,122.0,1.0,112.5,1.0,123.25,1.0,112.47,1.0,124.0,5.0
344,Germany_Baseload#19#0#10000106,2021-10-12 07:02:37.620000,120.0,1.0,119.0,1.0,118.0,1.0,119.5,2.0,116.75,3.0,119.65,1.0,116.15,5.0,119.75,1.0,116.05,1.0,120.0,3.0,116.0,2.0,120.9,5.0,115.5,1.0,121.0,1.0,115.0,1.0,122.0,1.0,112.5,1.0,123.25,1.0,112.47,1.0,124.0,5.0
345,Germany_Baseload#19#0#10000106,2021-10-12 07:02:37.854000,120.0,1.0,119.0,1.0,118.0,1.0,119.5,1.0,116.75,3.0,119.65,1.0,116.15,5.0,119.75,1.0,116.05,1.0,120.0,3.0,116.0,2.0,120.9,5.0,115.5,1.0,121.0,1.0,115.0,1.0,122.0,1.0,112.5,1.0,123.25,1.0,112.47,1.0,124.0,5.0
346,Germany_Baseload#19#0#10000106,2021-10-12 07:02:39.599000,120.0,1.0,119.0,1.0,116.75,3.0,119.5,1.0,116.15,5.0,119.65,1.0,116.05,1.0,119.75,1.0,116.0,2.0,120.0,3.0,115.5,1.0,120.9,5.0,115.0,1.0,121.0,1.0,112.5,1.0,122.0,1.0,112.47,1.0,123.25,1.0,112.44,1.0,124.0,5.0
347,Germany_Baseload#19#0#10000106,2021-10-12 07:02:42.847000,120.0,1.0,119.0,1.0,116.75,3.0,119.3,1.0,116.15,5.0,119.5,1.0,116.05,1.0,119.65,1.0,116.0,2.0,119.75,1.0,115.5,1.0,120.0,3.0,115.0,1.0,120.9,5.0,112.5,1.0,121.0,1.0,112.47,1.0,122.0,1.0,112.44,1.0,123.25,1.0
348,Germany_Baseload#19#0#10000106,2021-10-12 07:02:47.120000,120.0,1.0,118.5,1.0,116.75,3.0,119.0,1.0,116.15,5.0,119.3,1.0,116.05,1.0,119.5,1.0,116.0,2.0,119.65,1.0,115.5,1.0,119.75,1.0,115.0,1.0,120.0,3.0,112.5,1.0,120.9,5.0,112.47,1.0,121.0,1.0,112.44,1.0,122.0,1.0
349,Germany_Baseload#19#0#10000106,2021-10-12 07:02:47.694000,120.0,1.0,118.5,1.0,118.0,2.0,119.0,1.0,116.75,3.0,119.3,1.0,116.15,5.0,119.5,1.0,116.05,1.0,119.65,1.0,116.0,2.0,119.75,1.0,115.5,1.0,120.0,3.0,115.0,1.0,120.9,5.0,112.5,1.0,121.0,1.0,112.47,1.0,122.0,1.0
350,Germany_Baseload#19#0#10000106,2021-10-12 07:02:48.246000,120.0,1.0,118.5,1.0,118.0,2.0,119.0,1.0,116.75,3.0,119.3,1.0,116.15,5.0,119.5,1.0,116.05,1.0,119.65,1.0,116.0,2.0,119.75,1.0,115.5,1.0,120.0,3.0,115.0,1.0,120.9,5.0,112.5,1.0,121.0,1.0,112.47,1.0,122.0,1.0
351,Germany_Baseload#19#0#10000106,2021-10-12 07:02:49.304000,120.0,1.0,118.5,1.0,118.0,2.0,119.0,1.0,116.75,3.0,119.3,1.0,116.4,1.0,119.5,1.0,116.15,5.0,119.65,1.0,116.05,1.0,119.75,1.0,116.0,2.0,120.0,3.0,115.5,1.0,120.9,5.0,115.0,1.0,121.0,1.0,112.5,1.0,122.0,1.0
352,Germany_Baseload#19#0#10000106,2021-10-12 07:02:49.846000,120.0,1.0,118.5,1.0,118.0,2.0,119.0,1.0,117.0,1.0,119.3,1.0,116.75,3.0,119.5,1.0,116.4,1.0,119.65,1.0,116.15,5.0,119.75,1.0,116.05,1.0,120.0,3.0,116.0,2.0,120.9,5.0,115.5,1.0,121.0,1.0,115.0,1.0,122.0,1.0
353,Germany_Baseload#19#0#10000106,2021-10-12 07:02:49.893000,120.0,1.0,118.5,1.0,118.0,2.0,119.0,1.0,117.0,1.0,119.3,1.0,116.97,1.0,119.5,1.0,116.75,3.0,119.65,1.0,116.4,1.0,119.75,1.0,116.15,5.0,120.0,3.0,116.05,1.0,120.9,5.0,116.0,2.0,121.0,1.0,115.5,1.0,122.0,1.0
354,Germany_Baseload#19#0#10000106,2021-10-12 07:02:49.898000,120.0,1.0,118.5,1.0,118.0,2.0,119.0,1.0,117.0,1.0,119.3,1.0,116.75,3.0,119.5,1.0,116.4,1.0,119.65,1.0,116.15,5.0,119.75,1.0,116.05,1.0,120.0,3.0,116.0,2.0,120.9,5.0,115.5,1.0,121.0,1.0,115.0,1.0,122.0,1.0
355,Germany_Baseload#19#0#10000106,2021-10-12 07:02:49.909000,120.0,1.0,118.5,1.0,118.0,2.0,119.0,1.0,117.0,1.0,119.3,1.0,116.97,2.0,119.5,1.0,116.75,3.0,119.65,1.0,116.4,1.0,119.75,1.0,116.15,5.0,120.0,3.0,116.05,1.0,120.9,5.0,116.0,2.0,121.0,1.0,115.5,1.0,122.0,1.0
356,Germany_Baseload#19#0#10000106,2021-10-12 07:02:49.927000,120.0,1.0,118.5,1.0,118.0,2.0,119.0,1.0,117.0,1.0,119.3,1.0,116.97,2.0,119.5,1.0,116.75,3.0,119.65,1.0,116.4,1.0,119.75,1.0,116.15,5.0,120.0,3.0,116.05,1.0,120.9,5.0,116.0,2.0,121.0,1.0,115.5,1.0,122.0,1.0
357,Germany_Baseload#19#0#10000106,2021-10-12 07:02:53.932000,120.0,1.0,118.5,1.0,118.0,2.0,119.0,1.0,117.0,1.0,119.3,1.0,116.97,2.0,119.5,1.0,116.9,1.0,119.65,1.0,116.75,3.0,119.75,1.0,116.4,1.0,120.0,3.0,116.15,5.0,120.9,5.0,116.05,1.0,121.0,1.0,116.0,2.0,122.0,1.0
358,Germany_Baseload#19#0#10000106,2021-10-12 07:02:56.679000,120.0,1.0,118.5,1.0,118.0,2.0,119.0,1.0,117.0,1.0,119.3,1.0,116.97,2.0,119.5,1.0,116.9,1.0,119.65,1.0,116.75,3.0,119.75,1.0,116.4,1.0,120.0,3.0,116.15,5.0,120.9,5.0,116.05,1.0,121.0,1.0,116.0,2.0,122.0,1.0
359,Germany_Baseload#19#0#10000106,2021-10-12 07:02:59.118000,120.0,1.0,118.5,1.0,118.0,2.0,119.0,1.0,117.0,1.0,119.3,1.0,116.97,2.0,119.5,1.0,116.9,1.0,119.65,1.0,116.75,3.0,119.75,1.0,116.4,1.0,119.9,1.0,116.15,5.0,120.0,3.0,116.05,1.0,120.9,5.0,116.0,2.0,121.0,1.0
360,Germany_Baseload#19#0#10000106,2021-10-12 07:02:59.241000,120.0,1.0,118.5,1.0,118.0,1.0,119.0,1.0,117.0,1.0,119.3,1.0,116.97,2.0,119.5,1.0,116.9,1.0,119.65,1.0,116.75,3.0,119.75,1.0,116.4,1.0,119.9,1.0,116.15,5.0,120.0,3.0,116.05,1.0,120.9,5.0,116.0,2.0,121.0,1.0
361,Germany_Baseload#19#0#10000106,2021-10-12 07:03:00.732000,120.0,1.0,118.5,1.0,118.0,1.0,119.0,1.0,117.0,1.0,119.3,1.0,116.97,2.0,119.5,1.0,116.9,1.0,119.65,1.0,116.75,3.0,119.75,1.0,116.4,1.0,119.9,1.0,116.15,5.0,120.0,3.0,116.05,1.0,120.9,5.0,116.0,2.0,121.0,1.0
362,Germany_Baseload#19#0#10000106,2021-10-12 07:03:14.419000,120.0,1.0,118.5,1.0,117.0,1.0,119.0,1.0,116.97,2.0,119.3,1.0,116.9,1.0,119.5,1.0,116.75,3.0,119.65,1.0,116.4,1.0,119.75,1.0,116.15,5.0,119.9,1.0,116.05,1.0,120.0,3.0,116.0,2.0,120.9,5.0,115.5,1.0,121.0,1.0
363,Germany_Baseload#19#0#10000106,2021-10-12 07:03:16.241000,120.0,1.0,118.5,1.0,117.5,1.0,119.0,1.0,116.97,2.0,119.3,1.0,116.9,1.0,119.5,1.0,116.75,3.0,119.65,1.0,116.4,1.0,119.75,1.0,116.15,5.0,119.9,1.0,116.05,1.0,120.0,3.0,116.0,2.0,120.9,5.0,115.5,1.0,121.0,1.0
364,Germany_Baseload#19#0#10000106,2021-10-12 07:03:16.290000,120.0,1.0,118.5,1.0,117.5,1.0,119.0,1.0,116.97,1.0,119.3,1.0,116.9,1.0,119.5,1.0,116.75,3.0,119.65,1.0,116.4,1.0,119.75,1.0,116.15,5.0,119.9,1.0,116.05,1.0,120.0,3.0,116.0,2.0,120.9,5.0,115.5,1.0,121.0,1.0
365,Germany_Baseload#19#0#10000106,2021-10-12 07:03:16.295000,120.0,1.0,118.5,1.0,117.5,1.0,119.0,1.0,116.9,1.0,119.3,1.0,116.75,3.0,119.5,1.0,116.4,1.0,119.65,1.0,116.15,5.0,119.75,1.0,116.05,1.0,119.9,1.0,116.0,2.0,120.0,3.0,115.5,1.0,120.9,5.0,115.0,1.0,121.0,1.0
366,Germany_Baseload#19#0#10000106,2021-10-12 07:03:16.304000,120.0,1.0,118.5,1.0,117.5,1.0,119.0,1.0,117.47,1.0,119.3,1.0,116.9,1.0,119.5,1.0,116.75,3.0,119.65,1.0,116.4,1.0,119.75,1.0,116.15,5.0,119.9,1.0,116.05,1.0,120.0,3.0,116.0,2.0,120.9,5.0,115.5,1.0,121.0,1.0
367,Germany_Baseload#19#0#10000106,2021-10-12 07:03:16.319000,120.0,1.0,118.5,1.0,117.5,1.0,119.0,1.0,117.47,2.0,119.3,1.0,116.9,1.0,119.5,1.0,116.75,3.0,119.65,1.0,116.4,1.0,119.75,1.0,116.15,5.0,119.9,1.0,116.05,1.0,120.0,3.0,116.0,2.0,120.9,5.0,115.5,1.0,121.0,1.0
368,Germany_Baseload#19#0#10000106,2021-10-12 07:03:16.360000,120.0,1.0,118.5,1.0,117.5,1.0,119.0,1.0,117.47,2.0,119.3,1.0,116.9,1.0,119.5,1.0,116.75,3.0,119.65,1.0,116.4,1.0,119.75,1.0,116.15,5.0,119.9,1.0,116.05,1.0,120.0,3.0,116.0,2.0,120.9,5.0,115.5,1.0,121.0,1.0
369,Germany_Baseload#19#0#10000106,2021-10-12 07:03:21.941000,120.0,1.0,118.5,1.0,117.5,1.0,119.0,1.0,117.47,2.0,119.3,1.0,116.9,1.0,119.5,1.0,116.75,3.0,119.65,1.0,116.4,1.0,119.75,1.0,116.05,1.0,119.9,1.0,116.0,2.0,120.0,3.0,115.5,1.0,120.9,5.0,115.0,1.0,121.0,1.0
370,Germany_Baseload#19#0#10000106,2021-10-12 07:03:29.576000,120.0,1.0,118.5,1.0,117.5,1.0,119.0,1.0,117.47,2.0,119.3,1.0,116.9,1.0,119.5,1.0,116.75,3.0,119.65,1.0,116.4,1.0,119.75,1.0,116.05,1.0,119.9,1.0,116.0,2.0,120.0,3.0,115.5,1.0,120.9,5.0,115.0,1.0,121.0,1.0
371,Germany_Baseload#19#0#10000106,2021-10-12 07:03:38.575000,120.0,1.0,118.5,1.0,117.5,1.0,119.0,1.0,117.47,2.0,119.3,1.0,116.9,1.0,119.5,1.0,116.75,3.0,119.65,1.0,116.4,1.0,119.75,1.0,116.05,1.0,119.9,1.0,116.0,2.0,120.0,3.0,115.5,1.0,120.9,5.0,115.0,1.0,121.0,1.0
372,Germany_Baseload#19#0#10000106,2021-10-12 07:03:44.089000,120.0,1.0,118.5,1.0,117.5,1.0,119.0,1.0,117.47,2.0,119.3,1.0,116.9,1.0,119.5,1.0,116.75,3.0,119.65,1.0,116.4,1.0,119.75,1.0,116.05,1.0,119.9,1.0,116.0,2.0,120.0,3.0,115.5,1.0,120.9,5.0,115.0,1.0,121.0,1.0
373,Germany_Baseload#19#0#10000106,2021-10-12 07:03:44.146000,120.0,1.0,118.5,1.0,117.5,1.0,119.0,1.0,117.47,1.0,119.3,1.0,116.9,1.0,119.5,1.0,116.75,3.0,119.65,1.0,116.4,1.0,119.75,1.0,116.05,1.0,119.9,1.0,116.0,2.0,120.0,3.0,115.5,1.0,120.9,5.0,115.0,1.0,121.0,1.0
374,Germany_Baseload#19#0#10000106,2021-10-12 07:03:44.152000,120.0,1.0,118.5,1.0,117.5,1.0,119.0,1.0,116.9,1.0,119.3,1.0,116.75,3.0,119.5,1.0,116.4,1.0,119.65,1.0,116.05,1.0,119.75,1.0,116.0,2.0,119.9,1.0,115.5,1.0,120.0,3.0,115.0,1.0,120.9,5.0,112.5,1.0,121.0,1.0
375,Germany_Baseload#19#0#10000106,2021-10-12 07:03:44.167000,120.0,1.0,118.5,1.0,117.5,1.0,119.0,1.0,117.47,1.0,119.3,1.0,116.9,1.0,119.5,1.0,116.75,3.0,119.65,1.0,116.4,1.0,119.75,1.0,116.05,1.0,119.9,1.0,116.0,2.0,120.0,3.0,115.5,1.0,120.9,5.0,115.0,1.0,121.0,1.0
376,Germany_Baseload#19#0#10000106,2021-10-12 07:03:44.183000,120.0,1.0,118.5,1.0,117.5,1.0,119.0,1.0,117.47,2.0,119.3,1.0,116.9,1.0,119.5,1.0,116.75,3.0,119.65,1.0,116.4,1.0,119.75,1.0,116.05,1.0,119.9,1.0,116.0,2.0,120.0,3.0,115.5,1.0,120.9,5.0,115.0,1.0,121.0,1.0
