,key,Datetime,BidPrice_0,BidVolume_0,AskPrice_0,AskVolume_0,BidPrice_1,BidVolume_1,AskPrice_1,AskVolume_1,BidPrice_2,BidVolume_2,AskPrice_2,AskVolume_2,BidPrice_3,BidVolume_3,AskPrice_3,AskVolume_3,BidPrice_4,BidVolume_4,AskPrice_4,AskVolume_4,BidPrice_5,BidVolume_5,AskPrice_5,AskVolume_5,BidPrice_6,BidVolume_6,AskPrice_6,AskVolume_6,BidPrice_7,BidVolume_7,AskPrice_7,AskVolume_7,BidPrice_8,BidVolume_8,AskPrice_8,AskVolume_8,BidPrice_9,BidVolume_9,AskPrice_9,AskVolume_9
0,Germany_Baseload#19#0#10000106,2021-10-27 06:00:02.466000,123.65,2.0,124.2,1.0,119.34,1.0,125.2,5.0,117.4,5.0,126.9,5.0,52.0,1.0,131.8,5.0,48.0,3.0,,,,,,,,,,,,,,,,,,,,,,
1,Germany_Baseload#19#0#10000106,2021-10-27 06:01:03.838000,123.65,2.0,124.2,1.0,120.2,1.0,125.2,5.0,119.34,1.0,126.9,5.0,117.4,5.0,131.8,5.0,52.0,1.0,,,48.0,3.0,,,,,,,,,,,,,,,,,,
2,Germany_Baseload#19#0#10000106,2021-10-27 06:03:33.400000,123.65,2.0,124.2,1.0,120.2,1.0,125.2,5.0,119.34,1.0,126.9,5.0,117.4,5.0,131.8,5.0,52.0,1.0,,,48.0,3.0,,,,,,,,,,,,,,,,,,
3,Germany_Baseload#19#0#10000106,2021-10-27 06:05:21.534000,123.65,2.0,124.2,1.0,120.5,1.0,125.2,5.0,120.2,1.0,126.9,5.0,119.34,1.0,131.8,5.0,117.4,5.0,,,52.0,1.0,,,48.0,3.0,,,,,,,,,,,,,,
4,Germany_Baseload#19#0#10000106,2021-10-27 06:08:25.962000,123.65,2.0,124.2,1.0,121.0,2.0,125.2,5.0,120.5,1.0,126.9,5.0,120.2,1.0,131.8,5.0,119.34,1.0,,,117.4,5.0,,,52.0,1.0,,,48.0,3.0,,,,,,,,,,
5,Germany_Baseload#19#0#10000106,2021-10-27 06:08:32.728000,123.65,2.0,124.0,1.0,121.0,2.0,124.2,1.0,120.5,1.0,125.2,5.0,120.2,1.0,126.9,5.0,119.34,1.0,131.8,5.0,117.4,5.0,,,52.0,1.0,,,48.0,3.0,,,,,,,,,,
6,Germany_Baseload#19#0#10000106,2021-10-27 06:10:34.031000,123.65,2.0,124.0,1.0,121.12,1.0,124.2,1.0,121.0,2.0,125.2,5.0,120.5,1.0,126.9,5.0,120.2,1.0,131.8,5.0,119.34,1.0,,,117.4,5.0,,,52.0,1.0,,,48.0,3.0,,,,,,
7,Germany_Baseload#19#0#10000106,2021-10-27 06:10:34.032000,123.65,2.0,124.0,1.0,121.12,1.0,124.2,1.0,121.0,2.0,125.2,5.0,120.5,1.0,126.9,5.0,119.34,1.0,131.8,5.0,117.4,5.0,,,52.0,1.0,,,48.0,3.0,,,,,,,,,,
8,Germany_Baseload#19#0#10000106,2021-10-27 06:10:51.475000,123.65,2.0,124.0,6.0,121.12,1.0,124.2,1.0,121.0,2.0,125.2,5.0,120.5,1.0,126.9,5.0,119.34,1.0,131.8,5.0,117.4,5.0,,,52.0,1.0,,,48.0,3.0,,,,,,,,,,
9,Germany_Baseload#19#0#10000106,2021-10-27 06:11:08.790000,123.65,2.0,124.0,6.0,122.0,2.0,124.2,1.0,121.12,1.0,125.2,5.0,121.0,2.0,126.9,5.0,120.5,1.0,131.8,5.0,119.34,1.0,,,117.4,5.0,,,52.0,1.0,,,48.0,3.0,,,,,,
10,Germany_Baseload#19#0#10000106,2021-10-27 06:11:08.821000,123.65,2.0,124.0,6.0,122.0,2.0,124.2,1.0,121.97,2.0,125.2,5.0,121.12,1.0,126.9,5.0,121.0,2.0,131.8,5.0,120.5,1.0,,,119.34,1.0,,,117.4,5.0,,,52.0,1.0,,,48.0,3.0,,
11,Germany_Baseload#19#0#10000106,2021-10-27 06:11:08.837000,123.65,2.0,124.0,6.0,122.0,2.0,124.2,1.0,121.97,4.0,125.2,5.0,121.12,1.0,126.9,5.0,121.0,2.0,131.8,5.0,120.5,1.0,,,119.34,1.0,,,117.4,5.0,,,52.0,1.0,,,48.0,3.0,,
12,Germany_Baseload#19#0#10000106,2021-10-27 06:12:38.695000,123.65,2.0,123.9,1.0,122.0,2.0,124.0,6.0,121.97,4.0,124.2,1.0,121.12,1.0,125.2,5.0,121.0,2.0,126.9,5.0,120.5,1.0,131.8,5.0,119.34,1.0,,,117.4,5.0,,,52.0,1.0,,,48.0,3.0,,
13,Germany_Baseload#19#0#10000106,2021-10-27 06:12:38.726000,123.65,2.0,123.9,1.0,122.0,2.0,123.93,2.0,121.97,4.0,124.0,6.0,121.12,1.0,124.2,1.0,121.0,2.0,125.2,5.0,120.5,1.0,126.9,5.0,119.34,1.0,131.8,5.0,117.4,5.0,,,52.0,1.0,,,48.0,3.0,,
14,Germany_Baseload#19#0#10000106,2021-10-27 06:19:02.552000,123.65,2.0,123.9,1.0,121.97,4.0,123.93,2.0,121.12,1.0,124.0,6.0,121.0,2.0,124.2,1.0,120.5,1.0,125.2,5.0,119.34,1.0,126.9,5.0,117.4,5.0,131.8,5.0,52.0,1.0,,,48.0,3.0,,,,,,
15,Germany_Baseload#19#0#10000106,2021-10-27 06:19:02.597000,123.65,2.0,123.9,1.0,121.97,2.0,123.93,2.0,121.12,1.0,124.0,6.0,121.0,2.0,124.2,1.0,120.5,1.0,125.2,5.0,119.34,1.0,126.9,5.0,117.4,5.0,131.8,5.0,52.0,1.0,,,48.0,3.0,,,,,,
16,Germany_Baseload#19#0#10000106,2021-10-27 06:19:02.600000,123.65,2.0,123.9,1.0,121.12,1.0,123.93,2.0,121.0,2.0,124.0,6.0,120.5,1.0,124.2,1.0,119.34,1.0,125.2,5.0,117.4,5.0,126.9,5.0,52.0,1.0,131.8,5.0,48.0,3.0,,,,,,,,,,
17,Germany_Baseload#19#0#10000106,2021-10-27 06:23:48.284000,123.65,2.0,123.9,1.0,121.13,1.0,123.93,2.0,121.12,1.0,124.0,6.0,121.0,2.0,124.2,1.0,119.34,1.0,125.2,5.0,117.4,5.0,126.9,5.0,52.0,1.0,131.8,5.0,48.0,3.0,,,,,,,,,,
18,Germany_Baseload#19#0#10000106,2021-10-27 06:24:01.488000,123.65,2.0,123.9,1.0,121.13,1.0,123.93,2.0,121.12,1.0,124.0,6.0,121.0,2.0,124.2,1.0,119.34,1.0,125.2,5.0,117.4,5.0,126.9,5.0,52.0,1.0,131.8,5.0,48.0,3.0,,,,,,,,,,
19,Germany_Baseload#19#0#10000106,2021-10-27 06:24:01.488000,123.65,2.0,123.8,1.0,121.13,1.0,123.9,1.0,121.12,1.0,123.93,2.0,121.0,2.0,124.0,6.0,119.34,1.0,124.2,1.0,117.4,5.0,125.2,5.0,52.0,1.0,126.9,5.0,48.0,3.0,131.8,5.0,,,,,,,,
20,Germany_Baseload#19#0#10000106,2021-10-27 06:24:20.722000,123.65,2.0,123.25,1.0,121.13,1.0,123.8,1.0,121.12,1.0,123.9,1.0,121.0,2.0,123.93,2.0,119.34,1.0,124.0,5.0,117.4,5.0,124.2,1.0,52.0,1.0,125.2,5.0,48.0,3.0,126.9,5.0,,,131.8,5.0,,,,
21,Germany_Baseload#19#0#10000106,2021-10-27 06:25:31.157000,123.65,2.0,123.25,1.0,122.0,1.0,123.8,1.0,121.13,1.0,123.9,1.0,121.12,1.0,123.93,2.0,121.0,2.0,124.0,5.0,119.34,1.0,124.2,1.0,117.4,5.0,125.2,5.0,52.0,1.0,126.9,5.0,48.0,3.0,131.8,5.0,,,,
22,Germany_Baseload#19#0#10000106,2021-10-27 06:25:31.188000,123.65,2.0,123.25,1.0,122.0,1.0,123.8,1.0,121.97,2.0,123.9,1.0,121.13,1.0,123.93,2.0,121.12,1.0,124.0,5.0,121.0,2.0,124.2,1.0,119.34,1.0,125.2,5.0,117.4,5.0,126.9,5.0,52.0,1.0,131.8,5.0,48.0,3.0,,
23,Germany_Baseload#19#0#10000106,2021-10-27 06:29:54.726000,123.65,2.0,123.0,1.0,122.0,1.0,123.25,1.0,121.97,2.0,123.8,1.0,121.13,1.0,123.9,1.0,121.12,1.0,123.93,2.0,121.0,2.0,124.0,5.0,119.34,1.0,124.2,1.0,117.4,5.0,125.2,5.0,52.0,1.0,126.9,5.0,48.0,3.0,131.8,5.0
24,Germany_Baseload#19#0#10000106,2021-10-27 06:30:26.205000,123.65,2.0,123.0,1.0,122.0,1.0,123.8,1.0,121.97,2.0,123.9,1.0,121.13,1.0,123.93,2.0,121.12,1.0,124.0,5.0,121.0,2.0,124.2,1.0,119.34,1.0,125.2,5.0,117.4,5.0,126.9,5.0,52.0,1.0,131.8,5.0,48.0,3.0,,
25,Germany_Baseload#19#0#10000106,2021-10-27 06:30:26.219000,123.65,2.0,123.0,2.0,122.0,1.0,123.8,1.0,121.97,2.0,123.9,1.0,121.13,1.0,123.93,2.0,121.12,1.0,124.0,5.0,121.0,2.0,124.2,1.0,119.34,1.0,125.2,5.0,117.4,5.0,126.9,5.0,52.0,1.0,131.8,5.0,48.0,3.0,,
26,Germany_Baseload#19#0#10000106,2021-10-27 06:34:58.484000,123.65,2.0,122.85,1.0,122.0,1.0,123.0,2.0,121.97,2.0,123.9,1.0,121.13,1.0,123.93,2.0,121.12,1.0,124.0,5.0,121.0,2.0,124.2,1.0,119.34,1.0,125.2,5.0,117.4,5.0,126.9,5.0,52.0,1.0,131.8,5.0,48.0,3.0,,
27,Germany_Baseload#19#0#10000106,2021-10-27 06:35:15.418000,123.65,2.0,122.85,1.0,122.0,1.0,123.0,1.0,121.97,2.0,123.9,1.0,121.13,1.0,123.93,2.0,121.12,1.0,124.0,5.0,121.0,2.0,124.2,1.0,119.34,1.0,125.2,5.0,117.4,5.0,126.9,5.0,52.0,1.0,131.8,5.0,48.0,3.0,,
28,Germany_Baseload#19#0#10000106,2021-10-27 06:35:15.434000,123.65,2.0,122.6,1.0,122.0,1.0,122.85,1.0,121.97,2.0,123.0,1.0,121.13,1.0,123.9,1.0,121.12,1.0,123.93,2.0,121.0,2.0,124.0,5.0,119.34,1.0,124.2,1.0,117.4,5.0,125.2,5.0,52.0,1.0,126.9,5.0,48.0,3.0,131.8,5.0
29,Germany_Baseload#19#0#10000106,2021-10-27 06:37:30.305000,123.65,2.0,122.6,1.0,122.0,1.0,122.85,1.0,121.97,2.0,123.0,1.0,121.13,1.0,123.9,1.0,121.12,1.0,123.93,2.0,121.0,2.0,124.0,5.0,119.34,1.0,124.2,1.0,117.4,5.0,125.2,5.0,52.0,1.0,126.9,5.0,48.0,3.0,131.8,5.0
30,Germany_Baseload#19#0#10000106,2021-10-27 06:37:30.430000,123.65,2.0,122.6,1.0,122.0,1.0,122.85,1.0,121.97,2.0,123.0,1.0,121.13,1.0,123.9,1.0,121.12,1.0,123.93,2.0,121.0,2.0,124.0,5.0,120.58,1.0,124.2,1.0,119.34,1.0,125.2,5.0,117.4,5.0,126.9,5.0,52.0,1.0,131.8,5.0
31,Germany_Baseload#19#0#10000106,2021-10-27 06:37:37.902000,123.65,2.0,122.6,1.0,122.0,1.0,122.85,1.0,121.97,2.0,123.0,1.0,121.13,1.0,123.9,1.0,121.12,1.0,123.93,2.0,121.0,2.0,124.0,5.0,120.58,1.0,124.2,1.0,119.34,1.0,125.2,5.0,117.4,5.0,126.9,5.0,52.0,1.0,131.8,5.0
32,Germany_Baseload#19#0#10000106,2021-10-27 06:37:38.032000,123.65,2.0,122.6,1.0,122.0,1.0,122.85,1.0,121.97,2.0,123.0,1.0,121.13,1.0,123.9,1.0,121.12,1.0,123.93,2.0,121.0,2.0,124.0,5.0,119.34,1.0,124.2,1.0,117.4,5.0,125.2,5.0,52.0,1.0,126.9,5.0,48.0,3.0,131.8,5.0
33,Germany_Baseload#19#0#10000106,2021-10-27 06:40:35.225000,123.65,2.0,122.6,1.0,122.0,1.0,122.85,1.0,121.97,2.0,123.9,1.0,121.13,1.0,123.93,2.0,121.12,1.0,124.0,5.0,121.0,2.0,124.2,1.0,119.34,1.0,125.2,5.0,117.4,5.0,126.9,5.0,52.0,1.0,131.8,5.0,48.0,3.0,,
34,Germany_Baseload#19#0#10000106,2021-10-27 06:40:35.238000,123.65,2.0,122.0,1.0,122.0,1.0,122.6,1.0,121.97,2.0,122.85,1.0,121.13,1.0,123.9,1.0,121.12,1.0,123.93,2.0,121.0,2.0,124.0,5.0,119.34,1.0,124.2,1.0,117.4,5.0,125.2,5.0,52.0,1.0,126.9,5.0,48.0,3.0,131.8,5.0
35,Germany_Baseload#19#0#10000106,2021-10-27 06:40:35.269000,123.65,2.0,122.0,1.0,122.0,1.0,122.03,1.0,121.97,2.0,122.6,1.0,121.13,1.0,122.85,1.0,121.12,1.0,123.9,1.0,121.0,2.0,124.0,5.0,119.34,1.0,124.2,1.0,117.4,5.0,125.2,5.0,52.0,1.0,126.9,5.0,48.0,3.0,131.8,5.0
36,Germany_Baseload#19#0#10000106,2021-10-27 06:40:35.277000,123.65,2.0,122.0,1.0,122.0,1.0,122.6,1.0,121.97,2.0,122.85,1.0,121.13,1.0,123.9,1.0,121.12,1.0,123.93,1.0,121.0,2.0,124.0,5.0,119.34,1.0,124.2,1.0,117.4,5.0,125.2,5.0,52.0,1.0,126.9,5.0,48.0,3.0,131.8,5.0
37,Germany_Baseload#19#0#10000106,2021-10-27 06:40:35.283000,123.65,2.0,122.0,1.0,122.0,1.0,122.6,1.0,121.97,2.0,122.85,1.0,121.13,1.0,123.9,1.0,121.12,1.0,124.0,5.0,121.0,2.0,124.2,1.0,119.34,1.0,125.2,5.0,117.4,5.0,126.9,5.0,52.0,1.0,131.8,5.0,48.0,3.0,,
38,Germany_Baseload#19#0#10000106,2021-10-27 06:40:35.285000,123.65,2.0,122.0,1.0,122.0,1.0,122.03,2.0,121.97,2.0,122.6,1.0,121.13,1.0,122.85,1.0,121.12,1.0,123.9,1.0,121.0,2.0,124.0,5.0,119.34,1.0,124.2,1.0,117.4,5.0,125.2,5.0,52.0,1.0,126.9,5.0,48.0,3.0,131.8,5.0
39,Germany_Baseload#19#0#10000106,2021-10-27 06:40:40.614000,123.65,2.0,122.0,1.0,121.97,2.0,122.03,2.0,121.13,1.0,122.6,1.0,121.12,1.0,122.85,1.0,121.0,2.0,123.9,1.0,119.34,1.0,124.0,5.0,117.4,5.0,124.2,1.0,52.0,1.0,125.2,5.0,48.0,3.0,126.9,5.0,,,131.8,5.0
40,Germany_Baseload#19#0#10000106,2021-10-27 06:40:40.653000,123.65,2.0,122.0,1.0,121.97,1.0,122.03,2.0,121.13,1.0,122.6,1.0,121.12,1.0,122.85,1.0,121.0,2.0,123.9,1.0,119.34,1.0,124.0,5.0,117.4,5.0,124.2,1.0,52.0,1.0,125.2,5.0,48.0,3.0,126.9,5.0,,,131.8,5.0
41,Germany_Baseload#19#0#10000106,2021-10-27 06:40:40.657000,123.65,2.0,122.0,1.0,121.13,1.0,122.03,2.0,121.12,1.0,122.6,1.0,121.0,2.0,122.85,1.0,119.34,1.0,123.9,1.0,117.4,5.0,124.0,5.0,52.0,1.0,124.2,1.0,48.0,3.0,125.2,5.0,,,126.9,5.0,,,131.8,5.0
42,Germany_Baseload#19#0#10000106,2021-10-27 06:41:27.731000,123.65,2.0,122.0,1.0,121.5,1.0,122.03,2.0,121.47,1.0,122.6,1.0,121.13,1.0,122.85,1.0,121.12,1.0,123.9,1.0,121.0,2.0,124.0,5.0,119.34,1.0,124.2,1.0,117.4,5.0,125.2,5.0,52.0,1.0,126.9,5.0,48.0,3.0,131.8,5.0
43,Germany_Baseload#19#0#10000106,2021-10-27 06:41:27.747000,123.65,2.0,122.0,1.0,121.5,1.0,122.03,2.0,121.47,2.0,122.6,1.0,121.13,1.0,122.85,1.0,121.12,1.0,123.9,1.0,121.0,2.0,124.0,5.0,119.34,1.0,124.2,1.0,117.4,5.0,125.2,5.0,52.0,1.0,126.9,5.0,48.0,3.0,131.8,5.0
44,Germany_Baseload#19#0#10000106,2021-10-27 06:41:27.700000,123.65,2.0,122.0,1.0,121.5,1.0,122.03,2.0,121.13,1.0,122.6,1.0,121.12,1.0,122.85,1.0,121.0,2.0,123.9,1.0,119.34,1.0,124.0,5.0,117.4,5.0,124.2,1.0,52.0,1.0,125.2,5.0,48.0,3.0,126.9,5.0,,,131.8,5.0
45,Germany_Baseload#19#0#10000106,2021-10-27 06:41:34.764000,123.65,2.0,122.03,2.0,121.5,1.0,122.6,1.0,121.47,2.0,122.85,1.0,121.13,1.0,123.9,1.0,121.12,1.0,124.0,5.0,121.0,2.0,124.2,1.0,119.34,1.0,125.2,5.0,117.4,5.0,126.9,5.0,52.0,1.0,131.8,5.0,48.0,3.0,,
46,Germany_Baseload#19#0#10000106,2021-10-27 06:41:34.796000,123.65,2.0,122.6,1.0,121.5,1.0,122.85,1.0,121.47,2.0,123.9,1.0,121.13,1.0,123.93,2.0,121.12,1.0,124.0,5.0,121.0,2.0,124.2,1.0,119.34,1.0,125.2,5.0,117.4,5.0,126.9,5.0,52.0,1.0,131.8,5.0,48.0,3.0,,
47,Germany_Baseload#19#0#10000106,2021-10-27 06:41:34.805000,123.65,2.0,122.03,1.0,121.5,1.0,122.6,1.0,121.47,2.0,122.85,1.0,121.13,1.0,123.9,1.0,121.12,1.0,124.0,5.0,121.0,2.0,124.2,1.0,119.34,1.0,125.2,5.0,117.4,5.0,126.9,5.0,52.0,1.0,131.8,5.0,48.0,3.0,,
48,Germany_Baseload#19#0#10000106,2021-10-27 06:41:34.809000,123.65,2.0,122.6,1.0,121.5,1.0,122.85,1.0,121.47,2.0,123.9,1.0,121.13,1.0,124.0,5.0,121.12,1.0,124.2,1.0,121.0,2.0,125.2,5.0,119.34,1.0,126.9,5.0,117.4,5.0,131.8,5.0,52.0,1.0,,,48.0,3.0,,
49,Germany_Baseload#19#0#10000106,2021-10-27 06:41:49.117000,123.65,2.0,122.25,1.0,121.5,1.0,122.6,1.0,121.47,2.0,122.85,1.0,121.13,1.0,123.9,1.0,121.12,1.0,123.93,2.0,121.0,2.0,124.0,5.0,119.34,1.0,124.2,1.0,117.4,5.0,125.2,5.0,52.0,1.0,126.9,5.0,48.0,3.0,131.8,5.0
50,Germany_Baseload#19#0#10000106,2021-10-27 06:43:04.840000,123.65,2.0,122.25,1.0,121.75,1.0,122.6,1.0,121.5,1.0,122.85,1.0,121.47,2.0,123.9,1.0,121.13,1.0,123.93,2.0,121.12,1.0,124.0,5.0,121.0,2.0,124.2,1.0,119.34,1.0,125.2,5.0,117.4,5.0,126.9,5.0,52.0,1.0,131.8,5.0
51,Germany_Baseload#19#0#10000106,2021-10-27 06:43:04.948000,123.65,2.0,122.25,1.0,121.75,1.0,122.6,1.0,121.5,1.0,122.85,1.0,121.47,2.0,123.9,1.0,121.13,1.0,123.93,2.0,121.12,1.0,124.0,5.0,121.0,2.0,124.2,1.0,120.58,1.0,125.2,5.0,119.34,1.0,126.9,5.0,117.4,5.0,131.8,5.0
52,Germany_Baseload#19#0#10000106,2021-10-27 06:43:56.362000,123.65,2.0,122.25,1.0,121.75,1.0,122.6,1.0,121.5,1.0,122.85,1.0,121.47,2.0,123.9,1.0,121.13,1.0,123.93,2.0,121.12,1.0,124.0,5.0,121.0,1.0,124.2,1.0,120.58,1.0,125.2,5.0,119.34,1.0,126.9,5.0,117.4,5.0,131.8,5.0
53,Germany_Baseload#19#0#10000106,2021-10-27 06:44:06.463000,123.65,2.0,122.25,1.0,121.75,1.0,122.6,1.0,121.5,1.0,122.85,1.0,121.47,2.0,123.9,1.0,121.13,1.0,123.93,2.0,121.12,1.0,124.0,5.0,121.0,1.0,124.2,1.0,120.58,1.0,125.0,1.0,119.34,1.0,125.2,5.0,117.4,5.0,126.9,5.0
54,Germany_Baseload#19#0#10000106,2021-10-27 06:45:19.845000,123.65,2.0,122.25,1.0,121.75,1.0,122.6,1.0,121.5,1.0,122.85,1.0,121.47,2.0,123.9,1.0,121.12,1.0,123.93,2.0,121.0,1.0,124.0,5.0,120.58,1.0,124.2,1.0,119.34,1.0,125.0,1.0,117.4,5.0,125.2,5.0,52.0,1.0,126.9,5.0
55,Germany_Baseload#19#0#10000106,2021-10-27 06:45:28.867000,123.65,2.0,122.25,1.0,121.75,1.0,122.85,1.0,121.5,1.0,123.9,1.0,121.47,2.0,123.93,2.0,121.12,1.0,124.0,5.0,121.0,1.0,124.2,1.0,120.58,1.0,125.0,1.0,119.34,1.0,125.2,5.0,117.4,5.0,126.9,5.0,52.0,1.0,131.8,5.0
56,Germany_Baseload#19#0#10000106,2021-10-27 06:45:32.272000,123.65,2.0,122.25,1.0,121.75,2.0,122.85,1.0,121.5,1.0,123.9,1.0,121.47,2.0,123.93,2.0,121.12,1.0,124.0,5.0,121.0,1.0,124.2,1.0,120.58,1.0,125.0,1.0,119.34,1.0,125.2,5.0,117.4,5.0,126.9,5.0,52.0,1.0,131.8,5.0
57,Germany_Baseload#19#0#10000106,2021-10-27 06:46:07.736000,123.65,2.0,122.25,1.0,121.75,2.0,122.85,1.0,121.5,1.0,123.9,1.0,121.47,2.0,123.93,2.0,121.12,1.0,124.0,5.0,121.0,1.0,124.2,1.0,120.58,1.0,125.0,1.0,119.34,1.0,125.2,5.0,117.4,5.0,126.9,5.0,108.0,1.0,131.8,5.0
58,Germany_Baseload#19#0#10000106,2021-10-27 06:46:14.623000,123.65,2.0,122.25,2.0,121.75,2.0,122.85,1.0,121.5,1.0,123.9,1.0,121.47,2.0,123.93,2.0,121.12,1.0,124.0,5.0,121.0,1.0,124.2,1.0,120.58,1.0,125.0,1.0,119.34,1.0,125.2,5.0,117.4,5.0,126.9,5.0,108.0,1.0,131.8,5.0
59,Germany_Baseload#19#0#10000106,2021-10-27 06:47:01.208000,123.65,2.0,122.0,1.0,121.75,2.0,122.25,2.0,121.5,1.0,122.85,1.0,121.47,2.0,123.9,1.0,121.12,1.0,123.93,2.0,121.0,1.0,124.0,5.0,120.58,1.0,124.2,1.0,119.34,1.0,125.0,1.0,117.4,5.0,125.2,5.0,108.0,1.0,126.9,5.0
60,Germany_Baseload#19#0#10000106,2021-10-27 06:47:10.902000,123.65,2.0,122.0,1.0,122.0,2.0,122.25,2.0,121.75,2.0,122.85,1.0,121.5,1.0,123.9,1.0,121.47,2.0,123.93,2.0,121.12,1.0,124.0,5.0,121.0,1.0,124.2,1.0,120.58,1.0,125.0,1.0,119.34,1.0,125.2,5.0,117.4,5.0,126.9,5.0
61,Germany_Baseload#19#0#10000106,2021-10-27 06:47:15.246000,123.65,2.0,122.0,1.0,121.75,2.0,122.25,2.0,121.5,1.0,122.85,1.0,121.47,2.0,123.9,1.0,121.12,1.0,123.93,2.0,121.0,1.0,124.0,5.0,120.58,1.0,124.2,1.0,119.34,1.0,125.0,1.0,117.4,5.0,125.2,5.0,108.0,1.0,126.9,5.0
62,Germany_Baseload#19#0#10000106,2021-10-27 06:47:17.293000,123.65,2.0,122.25,2.0,121.75,2.0,122.85,1.0,121.5,1.0,123.9,1.0,121.47,2.0,123.93,2.0,121.12,1.0,124.0,5.0,121.0,1.0,124.2,1.0,120.58,1.0,125.0,1.0,119.34,1.0,125.2,5.0,117.4,5.0,126.9,5.0,108.0,1.0,131.8,5.0
63,Germany_Baseload#19#0#10000106,2021-10-27 06:47:18.748000,123.65,2.0,122.25,2.0,121.5,1.0,122.85,1.0,121.47,2.0,123.9,1.0,121.12,1.0,123.93,2.0,121.0,1.0,124.0,5.0,120.58,1.0,124.2,1.0,119.34,1.0,125.0,1.0,117.4,5.0,125.2,5.0,108.0,1.0,126.9,5.0,52.0,1.0,131.8,5.0
64,Germany_Baseload#19#0#10000106,2021-10-27 06:47:18.879000,123.65,2.0,122.25,2.0,121.5,1.0,122.85,1.0,121.47,2.0,123.9,1.0,121.12,1.0,123.93,2.0,121.0,1.0,124.0,5.0,119.34,1.0,124.2,1.0,117.4,5.0,125.0,1.0,108.0,1.0,125.2,5.0,52.0,1.0,126.9,5.0,48.0,3.0,131.8,5.0
65,Germany_Baseload#19#0#10000106,2021-10-27 06:47:33.292000,123.65,2.0,122.25,2.0,121.5,1.0,122.85,1.0,121.47,2.0,123.9,1.0,121.12,1.0,123.93,2.0,121.0,1.0,124.0,5.0,119.34,1.0,124.2,1.0,117.4,5.0,125.0,1.0,108.0,1.0,125.2,5.0,52.0,1.0,126.9,5.0,48.0,3.0,131.8,5.0
66,Germany_Baseload#19#0#10000106,2021-10-27 06:47:36.730000,123.65,2.0,122.25,2.0,121.75,1.0,122.85,1.0,121.5,1.0,123.9,1.0,121.47,2.0,123.93,2.0,121.12,1.0,124.0,5.0,121.0,1.0,124.2,1.0,119.34,1.0,125.0,1.0,117.4,5.0,125.2,5.0,108.0,1.0,126.9,5.0,52.0,1.0,131.8,5.0
67,Germany_Baseload#19#0#10000106,2021-10-27 06:47:41.351000,123.65,2.0,122.25,2.0,121.75,1.0,122.85,1.0,121.47,2.0,123.9,1.0,121.12,1.0,123.93,2.0,121.0,1.0,124.0,5.0,119.34,1.0,124.2,1.0,117.4,5.0,125.0,1.0,108.0,1.0,125.2,5.0,52.0,1.0,126.9,5.0,48.0,3.0,131.8,5.0
68,Germany_Baseload#19#0#10000106,2021-10-27 06:47:41.390000,123.65,2.0,122.25,2.0,121.75,1.0,122.85,1.0,121.47,1.0,123.9,1.0,121.12,1.0,123.93,2.0,121.0,1.0,124.0,5.0,119.34,1.0,124.2,1.0,117.4,5.0,125.0,1.0,108.0,1.0,125.2,5.0,52.0,1.0,126.9,5.0,48.0,3.0,131.8,5.0
69,Germany_Baseload#19#0#10000106,2021-10-27 06:47:41.392000,123.65,2.0,122.25,2.0,121.75,1.0,122.85,1.0,121.12,1.0,123.9,1.0,121.0,1.0,123.93,2.0,119.34,1.0,124.0,5.0,117.4,5.0,124.2,1.0,108.0,1.0,125.0,1.0,52.0,1.0,125.2,5.0,48.0,3.0,126.9,5.0,,,131.8,5.0
70,Germany_Baseload#19#0#10000106,2021-10-27 06:48:45.577000,123.65,2.0,121.25,5.0,121.0,3.0,121.5,1.0,120.7,1.0,121.75,1.0,120.23,5.0,121.9,1.0,120.2,1.0,122.0,1.0,119.34,1.0,122.03,5.0,117.4,5.0,122.15,1.0,108.0,1.0,122.25,1.0,52.0,1.0,124.0,1.0,48.0,3.0,124.2,1.0
71,Germany_Baseload#19#0#10000106,2021-10-27 06:51:27.860000,123.65,2.0,122.25,2.0,121.75,1.0,122.85,1.0,121.12,1.0,123.25,1.0,121.0,5.0,123.9,1.0,119.34,1.0,123.93,2.0,117.4,5.0,124.0,5.0,108.0,1.0,124.2,1.0,52.0,1.0,125.2,5.0,48.0,3.0,126.9,5.0,,,131.8,5.0
72,Germany_Baseload#19#0#10000106,2021-10-27 06:52:41.572000,123.65,2.0,122.0,1.0,121.75,1.0,122.25,2.0,121.12,1.0,122.85,1.0,121.0,5.0,123.25,1.0,119.34,1.0,123.9,1.0,117.4,5.0,123.93,2.0,108.0,1.0,124.0,5.0,52.0,1.0,124.2,1.0,48.0,3.0,125.2,5.0,,,126.9,5.0
73,Germany_Baseload#19#0#10000106,2021-10-27 06:52:49.675000,123.65,2.0,122.25,2.0,121.75,1.0,122.85,1.0,121.12,1.0,123.25,1.0,121.0,5.0,123.9,1.0,119.34,1.0,123.93,2.0,117.4,5.0,124.0,5.0,108.0,1.0,124.2,1.0,52.0,1.0,125.2,5.0,48.0,3.0,126.9,5.0,,,131.8,5.0
74,Germany_Baseload#19#0#10000106,2021-10-27 06:54:09.102000,123.65,2.0,122.25,2.0,121.75,1.0,122.85,1.0,121.12,1.0,123.25,1.0,121.0,5.0,123.9,1.0,120.2,1.0,123.93,2.0,119.34,1.0,124.0,5.0,117.4,5.0,124.2,1.0,108.0,1.0,125.2,5.0,52.0,1.0,126.9,5.0,48.0,3.0,131.8,5.0
75,Germany_Baseload#19#0#10000106,2021-10-27 06:54:10.679000,123.65,2.0,122.0,1.0,121.75,1.0,122.25,2.0,121.12,1.0,122.85,1.0,121.0,5.0,123.25,1.0,120.2,1.0,123.9,1.0,119.34,1.0,123.93,2.0,117.4,5.0,124.0,5.0,108.0,1.0,124.2,1.0,52.0,1.0,125.2,5.0,48.0,3.0,126.9,5.0
76,Germany_Baseload#19#0#10000106,2021-10-27 06:54:40.635000,123.65,2.0,122.0,1.0,121.75,1.0,122.25,1.0,121.12,1.0,122.85,1.0,121.0,5.0,123.25,1.0,120.2,1.0,123.9,1.0,119.34,1.0,123.93,2.0,117.4,5.0,124.0,5.0,108.0,1.0,124.2,1.0,52.0,1.0,125.2,5.0,48.0,3.0,126.9,5.0
77,Germany_Baseload#19#0#10000106,2021-10-27 06:55:08.585000,123.65,2.0,122.0,2.0,121.75,1.0,122.85,1.0,121.12,1.0,123.25,1.0,121.0,5.0,123.9,1.0,120.2,1.0,123.93,2.0,119.34,1.0,124.0,5.0,117.4,5.0,124.2,1.0,108.0,1.0,125.2,5.0,52.0,1.0,126.9,5.0,48.0,3.0,131.8,5.0
78,Germany_Baseload#19#0#10000106,2021-10-27 06:55:16.059000,123.65,2.0,121.9,1.0,121.75,1.0,122.0,1.0,121.12,1.0,122.85,1.0,121.0,5.0,123.25,1.0,120.2,1.0,123.9,1.0,119.34,1.0,123.93,2.0,117.4,5.0,124.0,5.0,108.0,1.0,124.2,1.0,52.0,1.0,125.2,5.0,48.0,3.0,126.9,5.0
79,Germany_Baseload#19#0#10000106,2021-10-27 06:55:31.869000,123.65,2.0,121.9,1.0,121.12,1.0,122.0,1.0,121.0,5.0,122.85,1.0,120.2,1.0,123.25,1.0,119.34,1.0,123.9,1.0,117.4,5.0,123.93,2.0,108.0,1.0,124.0,5.0,52.0,1.0,124.2,1.0,48.0,3.0,125.2,5.0,,,126.9,5.0
80,Germany_Baseload#19#0#10000106,2021-10-27 06:55:48.910000,123.65,2.0,121.9,2.0,121.12,1.0,122.0,1.0,121.0,5.0,122.85,1.0,120.2,1.0,123.25,1.0,119.34,1.0,123.9,1.0,117.4,5.0,123.93,2.0,108.0,1.0,124.0,5.0,52.0,1.0,124.2,1.0,48.0,3.0,125.2,5.0,,,126.9,5.0
81,Germany_Baseload#19#0#10000106,2021-10-27 06:56:15.617000,123.65,2.0,121.9,2.0,121.5,2.0,122.0,1.0,121.12,1.0,122.85,1.0,121.0,5.0,123.25,1.0,120.2,1.0,123.9,1.0,119.34,1.0,123.93,2.0,117.4,5.0,124.0,5.0,108.0,1.0,124.2,1.0,52.0,1.0,125.2,5.0,48.0,3.0,126.9,5.0
82,Germany_Baseload#19#0#10000106,2021-10-27 06:56:33.523000,123.65,2.0,121.9,2.0,121.5,2.0,122.0,1.0,121.12,1.0,122.85,1.0,121.0,5.0,123.25,1.0,120.2,1.0,123.9,1.0,119.34,1.0,123.93,2.0,117.4,5.0,124.0,5.0,108.0,1.0,124.2,1.0,52.0,1.0,125.2,5.0,48.0,3.0,126.9,5.0
83,Germany_Baseload#19#0#10000106,2021-10-27 06:57:29.211000,123.65,2.0,121.75,1.0,121.5,2.0,121.9,2.0,121.12,1.0,122.0,1.0,121.0,5.0,122.85,1.0,120.2,1.0,123.25,1.0,119.34,1.0,123.9,1.0,117.4,5.0,123.93,2.0,108.0,1.0,124.0,5.0,52.0,1.0,124.2,1.0,48.0,3.0,125.2,5.0
84,Germany_Baseload#19#0#10000106,2021-10-27 06:58:25.060000,123.65,2.0,121.75,2.0,121.5,2.0,121.9,1.0,121.12,1.0,122.0,1.0,121.0,5.0,122.85,1.0,120.2,1.0,123.25,1.0,119.34,1.0,123.9,1.0,117.4,5.0,123.93,2.0,108.0,1.0,124.0,5.0,52.0,1.0,124.2,1.0,48.0,3.0,125.2,5.0
85,Germany_Baseload#19#0#10000106,2021-10-27 06:59:04.346000,123.65,2.0,121.75,2.0,121.5,3.0,121.9,1.0,121.12,1.0,122.0,1.0,121.0,5.0,122.85,1.0,120.2,1.0,123.25,1.0,119.34,1.0,123.9,1.0,117.4,5.0,123.93,2.0,108.0,1.0,124.0,5.0,52.0,1.0,124.2,1.0,48.0,3.0,125.2,5.0
86,Germany_Baseload#19#0#10000106,2021-10-27 06:59:04.711000,123.65,2.0,121.75,2.0,121.5,3.0,121.9,1.0,121.12,1.0,122.0,1.0,121.0,5.0,122.85,1.0,120.57,1.0,123.25,1.0,120.2,1.0,123.9,1.0,119.34,1.0,123.93,2.0,117.4,5.0,124.0,5.0,108.0,1.0,124.2,1.0,52.0,1.0,125.2,5.0
87,Germany_Baseload#19#0#10000106,2021-10-27 06:59:18.906000,123.65,2.0,121.75,1.0,121.5,3.0,121.9,1.0,121.12,1.0,122.0,1.0,121.0,5.0,122.85,1.0,120.57,1.0,123.25,1.0,120.2,1.0,123.9,1.0,119.34,1.0,123.93,2.0,117.4,5.0,124.0,5.0,108.0,1.0,124.2,1.0,52.0,1.0,125.2,5.0
88,Germany_Baseload#19#0#10000106,2021-10-27 06:59:33.548000,123.65,2.0,121.75,1.0,121.5,1.0,121.9,1.0,121.12,1.0,122.0,1.0,121.0,5.0,122.85,1.0,120.57,1.0,123.25,1.0,120.2,1.0,123.9,1.0,119.34,1.0,123.93,2.0,117.4,5.0,124.0,5.0,108.0,1.0,124.2,1.0,52.0,1.0,125.2,5.0
89,Germany_Baseload#19#0#10000106,2021-10-27 06:59:38.848000,123.65,2.0,121.75,1.0,121.5,1.0,121.9,1.0,121.12,1.0,122.0,1.0,121.0,5.0,122.85,1.0,120.57,1.0,123.25,1.0,120.2,1.0,123.9,1.0,119.34,1.0,123.93,2.0,117.4,5.0,124.0,5.0,108.0,1.0,124.2,1.0,52.0,1.0,125.2,5.0
90,Germany_Baseload#19#0#10000106,2021-10-27 06:59:44.476000,123.65,2.0,121.75,1.0,121.5,2.0,121.9,1.0,121.12,1.0,122.0,1.0,121.0,5.0,122.85,1.0,120.57,1.0,123.25,1.0,120.2,1.0,123.9,1.0,119.34,1.0,123.93,2.0,117.4,5.0,124.0,5.0,108.0,1.0,124.2,1.0,52.0,1.0,125.2,5.0
91,Germany_Baseload#19#0#10000106,2021-10-27 06:59:45.720000,123.65,2.0,121.75,1.0,121.7,1.0,121.9,1.0,121.5,2.0,122.0,1.0,121.12,1.0,122.85,1.0,121.0,5.0,123.25,1.0,120.57,1.0,123.9,1.0,120.2,1.0,123.93,2.0,119.34,1.0,124.0,5.0,117.4,5.0,124.2,1.0,108.0,1.0,125.2,5.0
92,Germany_Baseload#19#0#10000106,2021-10-27 06:59:45.752000,123.65,2.0,121.75,1.0,121.7,1.0,121.9,1.0,121.67,2.0,122.0,1.0,121.5,2.0,122.85,1.0,121.12,1.0,123.25,1.0,121.0,5.0,123.9,1.0,120.57,1.0,123.93,2.0,120.2,1.0,124.0,5.0,119.34,1.0,124.2,1.0,117.4,5.0,125.2,5.0
93,Germany_Baseload#19#0#10000106,2021-10-27 06:59:48.319000,123.65,2.0,121.9,2.0,121.7,1.0,122.0,1.0,121.67,2.0,122.85,1.0,121.5,2.0,123.25,1.0,121.12,1.0,123.9,1.0,121.0,5.0,123.93,2.0,120.57,1.0,124.0,5.0,120.2,1.0,124.2,1.0,119.34,1.0,125.2,5.0,117.4,5.0,126.9,5.0
94,Germany_Baseload#19#0#10000106,2021-10-27 06:59:49.650000,123.65,2.0,121.9,1.0,121.7,1.0,122.0,1.0,121.67,2.0,122.85,1.0,121.5,2.0,123.25,1.0,121.12,1.0,123.9,1.0,121.0,5.0,123.93,2.0,120.57,1.0,124.0,5.0,120.2,1.0,124.2,1.0,119.34,1.0,125.2,5.0,117.4,5.0,126.9,5.0
95,Germany_Baseload#19#0#10000106,2021-10-27 06:59:51.965000,123.65,2.0,122.0,1.0,121.7,1.0,122.85,1.0,121.67,2.0,123.25,1.0,121.5,2.0,123.9,1.0,121.12,1.0,123.93,2.0,121.0,5.0,124.0,5.0,120.57,1.0,124.2,1.0,120.2,1.0,125.2,5.0,119.34,1.0,126.9,5.0,117.4,5.0,131.8,5.0
96,Germany_Baseload#19#0#10000106,2021-10-27 06:59:51.997000,123.65,2.0,122.0,1.0,121.7,1.0,122.2,1.0,121.67,2.0,122.85,1.0,121.5,2.0,123.25,1.0,121.12,1.0,123.9,1.0,121.0,5.0,123.93,2.0,120.57,1.0,124.0,5.0,120.2,1.0,124.2,1.0,119.34,1.0,125.2,5.0,117.4,5.0,126.9,5.0
97,Germany_Baseload#19#0#10000106,2021-10-27 06:59:52.567000,123.65,2.0,122.0,1.0,121.7,1.0,122.2,1.0,121.67,2.0,122.85,1.0,121.5,2.0,123.25,1.0,121.12,1.0,123.9,1.0,121.0,5.0,123.93,2.0,120.57,1.0,124.0,5.0,120.2,1.0,124.2,1.0,119.34,1.0,125.2,5.0,117.4,5.0,126.9,5.0
98,Germany_Baseload#19#0#10000106,2021-10-27 06:59:52.581000,123.65,2.0,122.0,1.0,121.7,1.0,122.2,1.0,121.67,2.0,122.85,1.0,121.5,1.0,123.25,1.0,121.12,1.0,123.9,1.0,121.0,5.0,123.93,2.0,120.57,1.0,124.0,5.0,120.2,1.0,124.2,1.0,119.34,1.0,125.2,5.0,117.4,5.0,126.9,5.0
99,Germany_Baseload#19#0#10000106,2021-10-27 06:59:53.602000,123.65,2.0,122.2,1.0,121.7,1.0,122.85,1.0,121.67,2.0,123.25,1.0,121.5,1.0,123.9,1.0,121.12,1.0,123.93,2.0,121.0,5.0,124.0,5.0,120.57,1.0,124.2,1.0,120.2,1.0,125.2,5.0,119.34,1.0,126.9,5.0,117.4,5.0,131.8,5.0
100,Germany_Baseload#19#0#10000106,2021-10-27 06:59:53.700000,123.65,2.0,122.2,1.0,121.7,1.0,122.85,1.0,121.67,2.0,123.25,1.0,121.5,1.0,123.8,1.0,121.12,1.0,123.9,1.0,121.0,5.0,123.93,2.0,120.57,1.0,124.0,5.0,120.2,1.0,124.2,1.0,119.34,1.0,125.2,5.0,117.4,5.0,126.9,5.0
101,Germany_Baseload#19#0#10000106,2021-10-27 06:59:59.574000,123.65,2.0,122.2,1.0,122.0,1.0,122.85,1.0,121.7,1.0,123.25,1.0,121.67,2.0,123.8,1.0,121.5,1.0,123.9,1.0,121.12,1.0,123.93,2.0,121.0,5.0,124.0,5.0,120.57,1.0,124.2,1.0,120.2,1.0,125.2,5.0,119.34,1.0,126.9,5.0
102,Germany_Baseload#19#0#10000106,2021-10-27 06:59:59.759000,123.65,2.0,122.2,1.0,122.0,1.0,122.85,1.0,121.7,1.0,123.25,1.0,121.67,2.0,123.8,1.0,121.5,3.0,123.9,1.0,121.12,1.0,123.93,2.0,121.0,5.0,124.0,5.0,120.95,1.0,124.2,1.0,120.2,1.0,125.2,5.0,119.34,1.0,126.9,5.0
103,Germany_Baseload#19#0#10000106,2021-10-27 07:00:08.527000,123.65,2.0,122.2,1.0,122.0,1.0,122.85,1.0,121.7,1.0,123.25,1.0,121.67,2.0,123.5,1.0,121.5,3.0,123.8,1.0,121.12,1.0,123.9,1.0,121.0,5.0,123.93,2.0,120.95,1.0,124.0,5.0,120.2,1.0,124.2,1.0,119.34,1.0,125.2,5.0
104,Germany_Baseload#19#0#10000106,2021-10-27 07:00:08.627000,123.65,2.0,122.2,1.0,122.0,1.0,122.85,1.0,121.7,1.0,123.25,1.0,121.67,2.0,123.5,2.0,121.5,3.0,123.9,1.0,121.12,1.0,123.93,2.0,121.0,5.0,124.0,5.0,120.95,1.0,124.2,1.0,120.2,1.0,125.2,5.0,119.34,1.0,126.9,5.0
105,Germany_Baseload#19#0#10000106,2021-10-27 07:00:57.272000,123.65,2.0,122.2,1.0,122.0,1.0,123.25,1.0,121.7,1.0,123.5,2.0,121.67,2.0,123.9,1.0,121.5,3.0,123.93,2.0,121.12,1.0,124.0,5.0,121.0,5.0,124.2,1.0,120.95,1.0,125.2,5.0,120.2,1.0,126.9,5.0,119.34,1.0,131.8,5.0
106,Germany_Baseload#19#0#10000106,2021-10-27 07:01:04.912000,123.65,2.0,122.2,1.0,122.0,1.0,123.25,1.0,121.7,1.0,123.5,1.0,121.67,2.0,123.9,1.0,121.5,3.0,123.93,2.0,121.12,1.0,124.0,5.0,121.0,5.0,124.2,1.0,120.95,1.0,125.2,5.0,120.2,1.0,126.9,5.0,119.34,1.0,131.8,5.0
107,Germany_Baseload#19#0#10000106,2021-10-27 07:01:05.017000,123.65,2.0,122.2,1.0,122.0,1.0,123.25,1.0,121.7,1.0,123.8,1.0,121.67,2.0,123.9,1.0,121.5,3.0,123.93,2.0,121.12,1.0,124.0,5.0,121.0,5.0,124.2,1.0,120.95,1.0,125.2,5.0,120.2,1.0,126.9,5.0,119.34,1.0,131.8,5.0
108,Germany_Baseload#19#0#10000106,2021-10-27 07:01:28.245000,123.65,2.0,122.3,1.0,122.0,1.0,123.25,1.0,121.7,1.0,123.8,1.0,121.67,2.0,123.9,1.0,121.5,3.0,123.93,2.0,121.12,1.0,124.0,5.0,121.0,5.0,124.2,1.0,120.95,1.0,125.2,5.0,120.2,1.0,126.9,5.0,119.34,1.0,131.8,5.0
109,Germany_Baseload#19#0#10000106,2021-10-27 07:02:06.012000,123.65,2.0,122.3,1.0,121.7,1.0,123.25,1.0,121.67,2.0,123.8,1.0,121.5,3.0,123.9,1.0,121.12,1.0,123.93,2.0,121.0,5.0,124.0,5.0,120.95,1.0,124.2,1.0,120.2,1.0,125.2,5.0,119.34,1.0,126.9,5.0,117.4,5.0,131.8,5.0
110,Germany_Baseload#19#0#10000106,2021-10-27 07:02:06.014000,123.65,2.0,122.3,1.0,121.7,1.0,123.25,1.0,121.67,2.0,123.8,1.0,121.5,3.0,123.9,1.0,121.12,1.0,123.93,2.0,121.0,5.0,124.0,5.0,120.95,1.0,124.2,1.0,120.2,1.0,125.2,5.0,119.34,1.0,126.9,5.0,117.4,5.0,131.8,5.0
111,Germany_Baseload#19#0#10000106,2021-10-27 07:02:06.160000,123.65,2.0,122.3,1.0,121.7,1.0,123.25,1.0,121.67,2.0,123.8,1.0,121.5,3.0,123.9,1.0,121.12,1.0,123.93,2.0,121.0,5.0,124.0,5.0,120.2,1.0,124.2,1.0,119.34,1.0,125.2,5.0,117.4,5.0,126.9,5.0,108.0,1.0,131.8,5.0
112,Germany_Baseload#19#0#10000106,2021-10-27 07:02:35.578000,123.65,2.0,122.3,1.0,121.7,1.0,123.25,1.0,121.67,2.0,123.8,1.0,121.5,3.0,123.9,1.0,121.12,1.0,123.93,2.0,121.0,5.0,124.2,1.0,120.2,1.0,125.2,5.0,119.34,1.0,126.9,5.0,117.4,5.0,131.8,5.0,108.0,1.0,,
113,Germany_Baseload#19#0#10000106,2021-10-27 07:02:37.334000,123.65,2.0,122.3,1.0,121.9,1.0,123.25,1.0,121.7,1.0,123.8,1.0,121.67,2.0,123.9,1.0,121.5,3.0,123.93,2.0,121.12,1.0,124.2,1.0,121.0,5.0,125.2,5.0,120.2,1.0,126.9,5.0,119.34,1.0,131.8,5.0,117.4,5.0,,
114,Germany_Baseload#19#0#10000106,2021-10-27 07:02:55.271000,123.65,2.0,122.25,1.0,121.9,1.0,122.3,1.0,121.7,1.0,123.25,1.0,121.67,2.0,123.8,1.0,121.5,3.0,123.9,1.0,121.12,1.0,123.93,2.0,121.0,5.0,124.2,1.0,120.2,1.0,125.2,5.0,119.34,1.0,126.9,5.0,117.4,5.0,131.8,5.0
115,Germany_Baseload#19#0#10000106,2021-10-27 07:03:20.606000,123.65,2.0,122.25,1.0,121.9,1.0,122.3,1.0,121.67,2.0,123.25,1.0,121.5,3.0,123.8,1.0,121.12,1.0,123.9,1.0,121.0,5.0,123.93,2.0,120.2,1.0,124.2,1.0,119.34,1.0,125.2,5.0,117.4,5.0,126.9,5.0,108.0,1.0,131.8,5.0
116,Germany_Baseload#19#0#10000106,2021-10-27 07:03:20.635000,123.65,2.0,122.25,1.0,121.9,1.0,122.3,1.0,121.67,1.0,123.25,1.0,121.5,3.0,123.8,1.0,121.12,1.0,123.9,1.0,121.0,5.0,123.93,2.0,120.2,1.0,124.2,1.0,119.34,1.0,125.2,5.0,117.4,5.0,126.9,5.0,108.0,1.0,131.8,5.0
117,Germany_Baseload#19#0#10000106,2021-10-27 07:03:20.642000,123.65,2.0,122.25,1.0,121.9,1.0,122.3,1.0,121.5,3.0,123.25,1.0,121.12,1.0,123.8,1.0,121.0,5.0,123.9,1.0,120.2,1.0,123.93,2.0,119.34,1.0,124.2,1.0,117.4,5.0,125.2,5.0,108.0,1.0,126.9,5.0,52.0,1.0,131.8,5.0
118,Germany_Baseload#19#0#10000106,2021-10-27 07:05:03.556000,123.65,2.0,122.25,1.0,121.9,1.0,122.3,1.0,121.5,3.0,123.8,1.0,121.12,1.0,123.9,1.0,121.0,5.0,123.93,2.0,120.2,1.0,124.0,1.0,119.34,1.0,124.2,1.0,117.4,5.0,125.2,5.0,108.0,1.0,126.9,5.0,52.0,1.0,131.8,5.0
119,Germany_Baseload#19#0#10000106,2021-10-27 07:07:15.144000,123.65,2.0,122.25,1.0,121.9,1.0,122.3,1.0,121.5,3.0,123.8,1.0,121.12,1.0,123.93,2.0,121.0,5.0,124.0,1.0,120.2,1.0,124.2,1.0,119.34,1.0,125.2,5.0,117.4,5.0,126.9,5.0,108.0,1.0,131.8,5.0,52.0,1.0,,
120,Germany_Baseload#19#0#10000106,2021-10-27 07:07:16.229000,123.65,2.0,122.25,1.0,121.9,1.0,122.3,1.0,121.5,3.0,123.8,1.0,121.12,1.0,123.93,1.0,121.0,5.0,124.0,1.0,120.2,1.0,124.2,1.0,119.34,1.0,125.2,5.0,117.4,5.0,126.9,5.0,108.0,1.0,131.8,5.0,52.0,1.0,,
121,Germany_Baseload#19#0#10000106,2021-10-27 07:07:16.229000,123.65,2.0,122.25,1.0,121.9,1.0,122.3,1.0,121.5,3.0,123.8,1.0,121.12,1.0,124.0,1.0,121.0,5.0,124.2,1.0,120.2,1.0,125.2,5.0,119.34,1.0,126.9,5.0,117.4,5.0,131.8,5.0,108.0,1.0,,,52.0,1.0,,
122,Germany_Baseload#19#0#10000106,2021-10-27 07:14:50.743000,123.65,2.0,122.0,4.0,121.9,1.0,122.25,1.0,121.5,3.0,122.3,1.0,121.12,1.0,123.8,1.0,121.0,5.0,124.0,1.0,120.2,1.0,124.2,1.0,119.34,1.0,125.2,5.0,117.4,5.0,126.9,5.0,108.0,1.0,131.8,5.0,52.0,1.0,,
123,Germany_Baseload#19#0#10000106,2021-10-27 07:15:10.724000,123.65,2.0,122.25,1.0,121.9,1.0,122.3,1.0,121.5,3.0,123.8,1.0,121.12,1.0,124.0,1.0,121.0,5.0,124.2,1.0,120.2,1.0,125.2,5.0,119.34,1.0,126.9,5.0,117.4,5.0,131.8,5.0,108.0,1.0,,,52.0,1.0,,
124,Germany_Baseload#19#0#10000106,2021-10-27 07:17:17.691000,123.65,2.0,122.25,1.0,121.9,1.0,122.3,1.0,121.5,3.0,123.42,3.0,121.12,1.0,123.8,1.0,121.0,5.0,124.0,1.0,120.2,1.0,124.2,1.0,119.34,1.0,125.2,5.0,117.4,5.0,126.9,5.0,108.0,1.0,131.8,5.0,52.0,1.0,,
125,Germany_Baseload#19#0#10000106,2021-10-27 07:17:17.821000,123.65,2.0,122.25,1.0,121.9,1.0,122.3,1.0,121.5,3.0,123.42,4.0,121.12,1.0,124.0,1.0,121.0,5.0,124.2,1.0,120.2,1.0,125.2,5.0,119.34,1.0,126.9,5.0,117.4,5.0,131.8,5.0,108.0,1.0,,,52.0,1.0,,
126,Germany_Baseload#19#0#10000106,2021-10-27 07:18:34.666000,123.65,2.0,122.25,1.0,121.9,1.0,122.3,1.0,121.5,3.0,123.42,4.0,121.12,1.0,124.0,1.0,121.0,5.0,124.2,1.0,120.2,1.0,125.2,5.0,119.34,1.0,126.9,5.0,117.4,5.0,131.8,5.0,108.0,1.0,,,52.0,1.0,,
127,Germany_Baseload#19#0#10000106,2021-10-27 07:19:23.855000,123.65,2.0,122.25,3.0,121.9,1.0,122.3,1.0,121.5,3.0,123.42,4.0,121.12,1.0,124.0,1.0,121.0,5.0,124.2,1.0,120.2,1.0,125.2,5.0,119.34,1.0,126.9,5.0,117.4,5.0,131.8,5.0,108.0,1.0,,,52.0,1.0,,
128,Germany_Baseload#19#0#10000106,2021-10-27 07:19:23.856000,123.65,2.0,122.25,3.0,121.9,1.0,122.3,1.0,121.5,3.0,123.42,1.0,121.12,1.0,124.0,1.0,121.0,5.0,124.2,1.0,120.2,1.0,125.2,5.0,119.34,1.0,126.9,5.0,117.4,5.0,131.8,5.0,108.0,1.0,,,52.0,1.0,,
129,Germany_Baseload#19#0#10000106,2021-10-27 07:19:46.174000,123.65,2.0,122.25,3.0,121.9,1.0,122.3,1.0,121.5,3.0,123.42,1.0,121.12,1.0,124.0,1.0,121.0,5.0,124.2,1.0,120.2,1.0,125.2,5.0,119.34,1.0,126.9,5.0,118.7,1.0,131.8,5.0,117.4,5.0,,,108.0,1.0,,
130,Germany_Baseload#19#0#10000106,2021-10-27 07:19:48.163000,123.65,2.0,122.25,3.0,121.9,1.0,122.3,1.0,121.5,3.0,123.42,1.0,121.18,5.0,124.0,1.0,121.12,1.0,124.2,1.0,121.0,5.0,125.2,5.0,120.2,1.0,126.9,5.0,119.34,1.0,131.8,5.0,118.7,1.0,,,117.4,5.0,,
131,Germany_Baseload#19#0#10000106,2021-10-27 07:19:48.164000,123.65,2.0,122.25,3.0,121.9,1.0,122.3,1.0,121.5,3.0,122.98,5.0,121.18,5.0,123.42,1.0,121.12,1.0,124.0,1.0,121.0,5.0,124.2,1.0,120.2,1.0,125.2,5.0,119.34,1.0,126.9,5.0,118.7,1.0,131.8,5.0,117.4,5.0,,
132,Germany_Baseload#19#0#10000106,2021-10-27 07:20:11.578000,123.65,2.0,122.25,3.0,121.95,1.0,122.3,1.0,121.9,1.0,122.98,5.0,121.5,3.0,123.42,1.0,121.18,5.0,124.0,1.0,121.12,1.0,124.2,1.0,121.0,5.0,125.2,5.0,120.2,1.0,126.9,5.0,119.34,1.0,131.8,5.0,118.7,1.0,,
133,Germany_Baseload#19#0#10000106,2021-10-27 07:20:11.782000,123.65,2.0,122.25,3.0,121.95,1.0,122.3,1.0,121.9,1.0,122.98,5.0,121.5,3.0,123.0,5.0,121.2,5.0,123.42,1.0,121.12,1.0,124.0,1.0,121.0,5.0,124.2,1.0,120.2,1.0,125.2,5.0,119.34,1.0,126.9,5.0,118.7,1.0,131.8,5.0
134,Germany_Baseload#19#0#10000106,2021-10-27 07:20:11.783000,123.65,2.0,122.25,3.0,121.95,1.0,122.3,1.0,121.9,1.0,123.0,5.0,121.5,3.0,123.42,1.0,121.2,5.0,124.0,1.0,121.12,1.0,124.2,1.0,121.0,5.0,125.2,5.0,120.2,1.0,126.9,5.0,119.34,1.0,131.8,5.0,118.7,1.0,,
135,Germany_Baseload#19#0#10000106,2021-10-27 07:20:11.791000,123.65,2.0,122.25,3.0,121.95,1.0,122.3,1.0,121.9,1.0,123.0,5.0,121.5,3.0,123.42,1.0,121.2,5.0,124.0,1.0,121.12,1.0,124.2,1.0,121.0,5.0,125.2,5.0,120.95,1.0,126.9,5.0,120.2,1.0,131.8,5.0,119.34,1.0,,
136,Germany_Baseload#19#0#10000106,2021-10-27 07:20:11.792000,123.65,2.0,122.25,3.0,121.95,1.0,122.3,1.0,121.9,1.0,123.0,5.0,121.5,3.0,123.42,1.0,121.2,5.0,124.0,1.0,121.12,1.0,124.2,1.0,121.0,5.0,125.2,5.0,120.95,1.0,126.9,5.0,120.2,1.0,131.8,5.0,119.34,1.0,,
137,Germany_Baseload#19#0#10000106,2021-10-27 07:20:14.281000,123.65,2.0,122.25,3.0,122.0,1.0,122.3,1.0,121.95,1.0,123.0,5.0,121.5,3.0,123.42,1.0,121.2,5.0,124.0,1.0,121.12,1.0,124.2,1.0,121.0,5.0,125.2,5.0,120.95,1.0,126.9,5.0,120.2,1.0,131.8,5.0,119.34,1.0,,
138,Germany_Baseload#19#0#10000106,2021-10-27 07:20:14.553000,123.65,2.0,122.25,3.0,122.0,1.0,122.3,1.0,121.95,1.0,123.03,5.0,121.5,3.0,123.42,1.0,121.23,5.0,124.0,1.0,121.12,1.0,124.2,1.0,121.0,5.0,125.2,5.0,120.95,1.0,126.9,5.0,120.2,1.0,131.8,5.0,119.34,1.0,,
139,Germany_Baseload#19#0#10000106,2021-10-27 07:20:24.566000,123.65,2.0,122.25,3.0,122.0,1.0,122.3,1.0,121.5,3.0,123.03,5.0,121.23,5.0,123.42,1.0,121.12,1.0,124.0,1.0,121.0,5.0,124.2,1.0,120.95,1.0,125.2,5.0,120.2,1.0,126.9,5.0,119.34,1.0,131.8,5.0,117.4,5.0,,
140,Germany_Baseload#19#0#10000106,2021-10-27 07:20:31.978000,123.65,2.0,122.25,3.0,122.0,2.0,122.3,1.0,121.5,3.0,123.03,5.0,121.23,5.0,123.42,1.0,121.12,1.0,124.0,1.0,121.0,5.0,124.2,1.0,120.95,1.0,125.2,5.0,120.2,1.0,126.9,5.0,119.34,1.0,131.8,5.0,117.4,5.0,,
141,Germany_Baseload#19#0#10000106,2021-10-27 07:20:39.742000,123.65,2.0,122.25,3.0,122.05,1.0,122.3,1.0,122.0,1.0,123.03,5.0,121.5,3.0,123.42,1.0,121.23,5.0,124.0,1.0,121.12,1.0,124.2,1.0,121.0,5.0,125.2,5.0,120.95,1.0,126.9,5.0,120.2,1.0,131.8,5.0,119.34,1.0,,
142,Germany_Baseload#19#0#10000106,2021-10-27 07:20:39.964000,123.65,2.0,122.25,3.0,122.05,1.0,122.3,1.0,122.0,2.0,123.05,5.0,121.5,3.0,123.42,1.0,121.25,5.0,124.0,1.0,121.12,1.0,124.2,1.0,121.0,5.0,125.2,5.0,120.95,1.0,126.9,5.0,120.2,1.0,131.8,5.0,119.34,1.0,,
143,Germany_Baseload#19#0#10000106,2021-10-27 07:20:44.609000,123.65,2.0,122.25,3.0,122.05,1.0,122.3,1.0,122.0,1.0,123.05,5.0,121.5,3.0,123.42,1.0,121.25,5.0,124.0,1.0,121.12,1.0,124.2,1.0,121.0,5.0,125.2,5.0,120.95,1.0,126.9,5.0,120.2,1.0,131.8,5.0,119.34,1.0,,
144,Germany_Baseload#19#0#10000106,2021-10-27 07:20:55.290000,123.65,2.0,122.2,1.0,122.05,1.0,122.25,3.0,122.0,1.0,123.05,5.0,121.5,3.0,123.42,1.0,121.25,5.0,124.0,1.0,121.12,1.0,124.2,1.0,121.0,5.0,125.2,5.0,120.95,1.0,126.9,5.0,120.2,1.0,131.8,5.0,119.34,1.0,,
145,Germany_Baseload#19#0#10000106,2021-10-27 07:20:55.565000,123.65,2.0,122.2,1.0,122.05,1.0,122.25,3.0,122.0,1.0,123.05,5.0,121.5,3.0,123.42,1.0,121.25,5.0,124.0,1.0,121.23,5.0,124.2,1.0,121.12,1.0,125.2,5.0,121.0,5.0,126.9,5.0,120.95,1.0,131.8,5.0,120.2,1.0,,
146,Germany_Baseload#19#0#10000106,2021-10-27 07:20:55.565000,123.65,2.0,122.2,1.0,122.05,1.0,122.25,3.0,122.0,1.0,123.03,5.0,121.5,3.0,123.42,1.0,121.23,5.0,124.0,1.0,121.12,1.0,124.2,1.0,121.0,5.0,125.2,5.0,120.95,1.0,126.9,5.0,120.2,1.0,131.8,5.0,119.34,1.0,,
147,Germany_Baseload#19#0#10000106,2021-10-27 07:21:17.175000,123.65,2.0,122.2,1.0,122.05,1.0,122.25,3.0,121.5,3.0,123.03,5.0,121.23,5.0,123.42,1.0,121.12,1.0,124.0,1.0,121.0,5.0,124.2,1.0,120.95,1.0,125.2,5.0,120.2,1.0,126.9,5.0,119.34,1.0,131.8,5.0,117.4,5.0,,
148,Germany_Baseload#19#0#10000106,2021-10-27 07:21:20.779000,123.65,2.0,122.2,1.0,121.5,3.0,122.25,3.0,121.23,5.0,123.03,5.0,121.12,1.0,123.42,1.0,121.0,5.0,124.0,1.0,120.95,1.0,124.2,1.0,120.2,1.0,125.2,5.0,119.34,1.0,126.9,5.0,117.4,5.0,131.8,5.0,108.0,1.0,,
149,Germany_Baseload#19#0#10000106,2021-10-27 07:21:20.963000,123.65,2.0,122.2,1.0,121.5,3.0,122.25,3.0,121.12,1.0,122.75,5.0,121.0,5.0,123.42,1.0,120.95,6.0,124.0,1.0,120.2,1.0,124.2,1.0,119.34,1.0,125.2,5.0,117.4,5.0,126.9,5.0,108.0,1.0,131.8,5.0,52.0,1.0,,
150,Germany_Baseload#19#0#10000106,2021-10-27 07:21:20.974000,123.65,2.0,122.2,1.0,121.5,3.0,122.25,3.0,121.12,1.0,122.75,5.0,121.0,5.0,123.42,1.0,120.95,5.0,124.0,1.0,120.2,1.0,124.2,1.0,119.34,1.0,125.2,5.0,118.7,1.0,126.9,5.0,117.4,5.0,131.8,5.0,108.0,1.0,,
151,Germany_Baseload#19#0#10000106,2021-10-27 07:21:27.329000,123.65,2.0,122.2,1.0,121.5,1.0,122.25,3.0,121.12,1.0,122.75,5.0,121.0,5.0,123.42,1.0,120.95,5.0,124.0,1.0,120.2,1.0,124.2,1.0,119.34,1.0,125.2,5.0,118.7,1.0,126.9,5.0,117.4,5.0,131.8,5.0,108.0,1.0,,
152,Germany_Baseload#19#0#10000106,2021-10-27 07:21:45.212000,123.65,2.0,122.2,1.0,121.75,1.0,122.25,3.0,121.5,1.0,122.75,5.0,121.12,1.0,123.42,1.0,121.0,5.0,124.0,1.0,120.95,5.0,124.2,1.0,120.2,1.0,125.2,5.0,119.34,1.0,126.9,5.0,118.7,1.0,131.8,5.0,117.4,5.0,,
153,Germany_Baseload#19#0#10000106,2021-10-27 07:21:45.413000,123.65,2.0,122.2,1.0,121.75,1.0,122.25,3.0,121.5,1.0,122.88,5.0,121.12,1.0,123.42,1.0,121.08,5.0,124.0,1.0,121.0,5.0,124.2,1.0,120.2,1.0,125.2,5.0,119.34,1.0,126.9,5.0,118.7,1.0,131.8,5.0,117.4,5.0,,
154,Germany_Baseload#19#0#10000106,2021-10-27 07:21:45.430000,123.65,2.0,122.2,1.0,121.75,1.0,122.25,3.0,121.5,1.0,122.88,5.0,121.12,1.0,123.42,1.0,121.08,5.0,124.0,1.0,121.0,5.0,124.2,1.0,120.95,1.0,125.2,5.0,120.2,1.0,126.9,5.0,119.34,1.0,131.8,5.0,117.4,5.0,,
155,Germany_Baseload#19#0#10000106,2021-10-27 07:22:18.268000,123.65,2.0,122.2,1.0,121.5,1.0,122.25,3.0,121.12,1.0,122.88,5.0,121.08,5.0,123.42,1.0,121.0,5.0,124.0,1.0,120.95,1.0,124.2,1.0,120.2,1.0,125.2,5.0,119.34,1.0,126.9,5.0,117.4,5.0,131.8,5.0,108.0,1.0,,
156,Germany_Baseload#19#0#10000106,2021-10-27 07:22:18.445000,123.65,2.0,122.2,1.0,121.5,1.0,122.25,3.0,121.12,1.0,122.88,5.0,121.08,5.0,123.42,1.0,121.0,5.0,124.0,1.0,120.95,6.0,124.2,1.0,120.2,1.0,125.2,5.0,119.34,1.0,126.9,5.0,117.4,5.0,131.8,5.0,108.0,1.0,,
157,Germany_Baseload#19#0#10000106,2021-10-27 07:22:18.446000,123.65,2.0,122.2,1.0,121.5,1.0,122.25,3.0,121.12,1.0,122.75,5.0,121.0,5.0,123.42,1.0,120.95,6.0,124.0,1.0,120.2,1.0,124.2,1.0,119.34,1.0,125.2,5.0,117.4,5.0,126.9,5.0,108.0,1.0,131.8,5.0,52.0,1.0,,
158,Germany_Baseload#19#0#10000106,2021-10-27 07:22:18.474000,123.65,2.0,122.2,1.0,121.5,1.0,122.25,3.0,121.12,1.0,122.75,5.0,121.0,5.0,123.42,1.0,120.95,5.0,124.0,1.0,120.2,1.0,124.2,1.0,119.34,1.0,125.2,5.0,118.7,1.0,126.9,5.0,117.4,5.0,131.8,5.0,108.0,1.0,,
159,Germany_Baseload#19#0#10000106,2021-10-27 07:22:18.701000,123.65,2.0,122.2,1.0,121.5,1.0,122.25,3.0,121.12,1.0,122.75,5.0,121.0,5.0,123.0,1.0,120.95,5.0,123.42,1.0,120.2,1.0,124.0,1.0,119.34,1.0,124.2,1.0,118.7,1.0,125.2,5.0,117.4,5.0,126.9,5.0,108.0,1.0,131.8,5.0
160,Germany_Baseload#19#0#10000106,2021-10-27 07:22:27.628000,123.65,2.0,122.2,1.0,121.75,1.0,122.25,3.0,121.5,3.0,122.75,5.0,121.12,1.0,123.0,1.0,121.0,5.0,123.42,1.0,120.95,5.0,124.0,1.0,120.2,1.0,124.2,1.0,119.34,1.0,125.2,5.0,118.7,1.0,126.9,5.0,117.4,5.0,131.8,5.0
161,Germany_Baseload#19#0#10000106,2021-10-27 07:22:27.824000,123.65,2.0,122.2,1.0,121.75,1.0,122.25,3.0,121.5,3.0,122.75,5.0,121.12,1.0,123.0,1.0,121.0,5.0,123.42,1.0,120.95,6.0,124.0,1.0,120.2,1.0,124.2,1.0,119.34,1.0,125.2,5.0,118.7,1.0,126.9,5.0,117.4,5.0,131.8,5.0
162,Germany_Baseload#19#0#10000106,2021-10-27 07:22:27.825000,123.65,2.0,122.2,1.0,121.75,1.0,122.25,3.0,121.5,3.0,122.75,5.0,121.12,1.0,123.0,1.0,121.0,5.0,123.42,1.0,120.95,6.0,124.0,1.0,120.2,1.0,124.2,1.0,119.34,1.0,125.2,5.0,117.4,5.0,126.9,5.0,108.0,1.0,131.8,5.0
163,Germany_Baseload#19#0#10000106,2021-10-27 07:22:27.835000,123.65,2.0,122.2,1.0,121.75,1.0,122.25,3.0,121.5,3.0,122.88,5.0,121.12,1.0,123.0,1.0,121.08,5.0,123.42,1.0,121.0,5.0,124.0,1.0,120.95,1.0,124.2,1.0,120.2,1.0,125.2,5.0,119.34,1.0,126.9,5.0,117.4,5.0,131.8,5.0
164,Germany_Baseload#19#0#10000106,2021-10-27 07:22:27.912000,123.65,2.0,122.15,1.0,121.75,1.0,122.2,1.0,121.5,3.0,122.25,3.0,121.12,1.0,122.88,5.0,121.08,5.0,123.0,1.0,121.0,5.0,123.42,1.0,120.95,1.0,124.0,1.0,120.2,1.0,124.2,1.0,119.34,1.0,125.2,5.0,117.4,5.0,126.9,5.0
165,Germany_Baseload#19#0#10000106,2021-10-27 07:22:28.182000,123.65,2.0,122.15,1.0,121.75,1.0,122.2,1.0,121.5,3.0,122.25,3.0,121.12,1.0,122.85,5.0,121.05,5.0,123.0,1.0,121.0,5.0,123.42,1.0,120.95,1.0,124.0,1.0,120.2,1.0,124.2,1.0,119.34,1.0,125.2,5.0,117.4,5.0,126.9,5.0
166,Germany_Baseload#19#0#10000106,2021-10-27 07:22:49.449000,123.65,2.0,122.2,1.0,121.75,1.0,122.25,3.0,121.5,3.0,122.85,5.0,121.12,1.0,123.0,1.0,121.05,5.0,123.42,1.0,121.0,5.0,124.0,1.0,120.95,1.0,124.2,1.0,120.2,1.0,125.2,5.0,119.34,1.0,126.9,5.0,117.4,5.0,131.8,5.0
167,Germany_Baseload#19#0#10000106,2021-10-27 07:22:49.464000,123.65,2.0,122.15,1.0,121.75,1.0,122.2,1.0,121.5,3.0,122.25,3.0,121.12,1.0,122.85,5.0,121.05,5.0,123.0,1.0,121.0,5.0,123.42,1.0,120.95,1.0,124.0,1.0,120.2,1.0,124.2,1.0,119.34,1.0,125.2,5.0,117.4,5.0,126.9,5.0
168,Germany_Baseload#19#0#10000106,2021-10-27 07:22:49.711000,123.65,2.0,122.15,1.0,121.75,1.0,122.2,1.0,121.5,3.0,122.25,3.0,121.12,1.0,122.88,5.0,121.08,5.0,123.0,1.0,121.0,5.0,123.42,1.0,120.95,1.0,124.0,1.0,120.2,1.0,124.2,1.0,119.34,1.0,125.2,5.0,117.4,5.0,126.9,5.0
169,Germany_Baseload#19#0#10000106,2021-10-27 07:22:49.831000,123.65,2.0,122.15,1.0,121.75,1.0,122.2,1.0,121.5,3.0,122.25,3.0,121.12,1.0,122.85,5.0,121.05,5.0,122.88,5.0,121.0,5.0,123.0,1.0,120.95,1.0,123.42,1.0,120.2,1.0,124.0,1.0,119.34,1.0,124.2,1.0,117.4,5.0,125.2,5.0
170,Germany_Baseload#19#0#10000106,2021-10-27 07:22:49.832000,123.65,2.0,122.15,1.0,121.75,1.0,122.2,1.0,121.5,3.0,122.25,3.0,121.12,1.0,122.85,5.0,121.05,5.0,123.0,1.0,121.0,5.0,123.42,1.0,120.95,1.0,124.0,1.0,120.2,1.0,124.2,1.0,119.34,1.0,125.2,5.0,117.4,5.0,126.9,5.0
171,Germany_Baseload#19#0#10000106,2021-10-27 07:25:39.143000,123.65,2.0,122.15,1.0,121.75,1.0,122.2,1.0,121.5,3.0,122.25,3.0,121.12,1.0,122.85,5.0,121.05,5.0,123.0,1.0,121.0,5.0,123.42,1.0,120.95,1.0,124.0,1.0,120.45,1.0,124.2,1.0,120.2,1.0,125.2,5.0,119.34,1.0,126.9,5.0
172,Germany_Baseload#19#0#10000106,2021-10-27 07:25:39.144000,123.65,2.0,122.15,1.0,121.75,1.0,122.2,1.0,121.5,3.0,122.25,3.0,121.12,1.0,122.85,5.0,121.05,5.0,123.0,1.0,121.0,5.0,123.42,1.0,120.45,1.0,124.0,1.0,120.2,1.0,124.2,1.0,119.34,1.0,125.2,5.0,117.4,5.0,126.9,5.0
173,Germany_Baseload#19#0#10000106,2021-10-27 07:25:56.015000,123.65,2.0,122.15,1.0,121.75,1.0,122.2,1.0,121.5,3.0,122.25,3.0,121.12,1.0,122.85,5.0,121.05,5.0,123.0,1.0,121.0,5.0,123.42,1.0,120.7,1.0,124.0,1.0,120.2,1.0,124.2,1.0,119.34,1.0,125.2,5.0,117.4,5.0,126.9,5.0
174,Germany_Baseload#19#0#10000106,2021-10-27 07:25:58.493000,123.65,2.0,122.15,1.0,121.75,1.0,122.2,1.0,121.5,3.0,122.25,3.0,121.12,1.0,122.85,5.0,121.05,5.0,123.0,1.0,121.0,5.0,123.42,1.0,120.75,1.0,124.0,1.0,120.2,1.0,124.2,1.0,119.34,1.0,125.2,5.0,117.4,5.0,126.9,5.0
175,Germany_Baseload#19#0#10000106,2021-10-27 07:25:58.614000,123.65,2.0,122.15,1.0,121.75,1.0,122.2,1.0,121.5,3.0,122.25,3.0,121.12,1.0,122.85,5.0,121.05,5.0,123.0,1.0,121.0,5.0,123.42,1.0,120.95,1.0,124.0,1.0,120.2,1.0,124.2,1.0,119.34,1.0,125.2,5.0,117.4,5.0,126.9,5.0
176,Germany_Baseload#19#0#10000106,2021-10-27 07:26:17.755000,123.65,2.0,122.15,1.0,121.75,1.0,122.2,1.0,121.5,3.0,122.25,3.0,121.12,1.0,122.85,5.0,121.05,5.0,123.0,1.0,121.0,5.0,124.0,1.0,120.95,1.0,124.2,1.0,120.2,1.0,125.2,5.0,119.34,1.0,126.9,5.0,117.4,5.0,131.8,5.0
177,Germany_Baseload#19#0#10000106,2021-10-27 07:27:45.119000,123.65,2.0,122.15,1.0,121.5,3.0,122.2,1.0,121.12,1.0,122.25,3.0,121.05,5.0,122.85,5.0,121.0,5.0,123.0,1.0,120.95,1.0,124.0,1.0,120.2,1.0,124.2,1.0,119.34,1.0,125.2,5.0,117.4,5.0,126.9,5.0,108.0,1.0,131.8,5.0
178,Germany_Baseload#19#0#10000106,2021-10-27 07:27:45.290000,123.65,2.0,122.15,1.0,121.5,3.0,122.2,1.0,121.12,1.0,122.25,3.0,121.0,5.0,122.73,5.0,120.95,1.0,123.0,1.0,120.93,5.0,124.0,1.0,120.2,1.0,124.2,1.0,119.34,1.0,125.2,5.0,117.4,5.0,126.9,5.0,108.0,1.0,131.8,5.0
179,Germany_Baseload#19#0#10000106,2021-10-27 07:27:45.331000,123.65,2.0,122.15,1.0,121.5,3.0,122.2,1.0,121.12,1.0,122.25,3.0,121.0,5.0,122.73,5.0,120.93,5.0,123.0,1.0,120.7,1.0,124.0,1.0,120.2,1.0,124.2,1.0,119.34,1.0,125.2,5.0,117.4,5.0,126.9,5.0,108.0,1.0,131.8,5.0
180,Germany_Baseload#19#0#10000106,2021-10-27 07:28:24.856000,123.65,2.0,122.15,1.0,121.75,1.0,122.2,1.0,121.5,3.0,122.25,3.0,121.12,1.0,122.73,5.0,121.0,5.0,123.0,1.0,120.93,5.0,124.0,1.0,120.7,1.0,124.2,1.0,120.2,1.0,125.2,5.0,119.34,1.0,126.9,5.0,117.4,5.0,131.8,5.0
181,Germany_Baseload#19#0#10000106,2021-10-27 07:28:25.061000,123.65,2.0,122.15,1.0,121.75,1.0,122.2,1.0,121.5,3.0,122.25,3.0,121.12,1.0,122.85,5.0,121.05,5.0,123.0,1.0,121.0,5.0,124.0,1.0,120.7,1.0,124.2,1.0,120.2,1.0,125.2,5.0,119.34,1.0,126.9,5.0,117.4,5.0,131.8,5.0
182,Germany_Baseload#19#0#10000106,2021-10-27 07:28:25.067000,123.65,2.0,122.15,1.0,121.75,1.0,122.2,1.0,121.5,3.0,122.25,3.0,121.12,1.0,122.85,5.0,121.05,5.0,123.0,1.0,121.0,5.0,124.0,1.0,120.95,1.0,124.2,1.0,120.2,1.0,125.2,5.0,119.34,1.0,126.9,5.0,117.4,5.0,131.8,5.0
183,Germany_Baseload#19#0#10000106,2021-10-27 07:30:32.200000,123.65,2.0,122.15,1.0,121.75,1.0,122.2,1.0,121.5,3.0,122.25,2.0,121.12,1.0,122.85,5.0,121.05,5.0,123.0,1.0,121.0,5.0,124.0,1.0,120.95,1.0,124.2,1.0,120.2,1.0,125.2,5.0,119.34,1.0,126.9,5.0,117.4,5.0,131.8,5.0
184,Germany_Baseload#19#0#10000106,2021-10-27 07:32:16.138000,123.65,2.0,122.15,1.0,121.9,2.0,122.2,1.0,121.75,1.0,122.25,2.0,121.5,3.0,122.85,5.0,121.12,1.0,123.0,1.0,121.05,5.0,124.0,1.0,121.0,5.0,124.2,1.0,120.95,1.0,125.2,5.0,120.2,1.0,126.9,5.0,119.34,1.0,131.8,5.0
185,Germany_Baseload#19#0#10000106,2021-10-27 07:32:16.341000,123.65,2.0,122.15,1.0,121.9,2.0,122.2,1.0,121.75,1.0,122.25,2.0,121.5,3.0,122.93,5.0,121.13,5.0,123.0,1.0,121.12,1.0,124.0,1.0,121.0,5.0,124.2,1.0,120.95,1.0,125.2,5.0,120.2,1.0,126.9,5.0,119.34,1.0,131.8,5.0
186,Germany_Baseload#19#0#10000106,2021-10-27 07:32:45.550000,123.65,2.0,122.0,1.0,121.9,2.0,122.15,1.0,121.75,1.0,122.2,1.0,121.5,3.0,122.25,2.0,121.13,5.0,122.93,5.0,121.12,1.0,124.0,1.0,121.0,5.0,124.2,1.0,120.95,1.0,125.2,5.0,120.2,1.0,126.9,5.0,119.34,1.0,131.8,5.0
187,Germany_Baseload#19#0#10000106,2021-10-27 07:32:45.730000,123.65,2.0,122.0,1.0,121.9,2.0,122.15,1.0,121.75,1.0,122.2,1.0,121.5,3.0,122.25,2.0,121.12,1.0,122.85,5.0,121.05,5.0,124.0,1.0,121.0,5.0,124.2,1.0,120.95,1.0,125.2,5.0,120.2,1.0,126.9,5.0,119.34,1.0,131.8,5.0
188,Germany_Baseload#19#0#10000106,2021-10-27 07:34:15.746000,123.65,2.0,122.0,1.0,121.75,1.0,122.15,1.0,121.5,3.0,122.2,1.0,121.12,1.0,122.25,2.0,121.05,5.0,122.85,5.0,121.0,5.0,124.0,1.0,120.95,1.0,124.2,1.0,120.2,1.0,125.2,5.0,119.34,1.0,126.9,5.0,117.4,5.0,131.8,5.0
189,Germany_Baseload#19#0#10000106,2021-10-27 07:34:16.006000,123.65,2.0,122.0,1.0,121.75,1.0,122.15,1.0,121.5,3.0,122.2,1.0,121.12,1.0,122.25,2.0,121.0,5.0,122.85,5.0,120.98,5.0,124.0,1.0,120.95,1.0,124.2,1.0,120.2,1.0,125.2,5.0,119.34,1.0,126.9,5.0,117.4,5.0,131.8,5.0
190,Germany_Baseload#19#0#10000106,2021-10-27 07:34:16.007000,123.65,2.0,122.0,1.0,121.75,1.0,122.15,1.0,121.5,3.0,122.2,1.0,121.12,1.0,122.25,2.0,121.0,5.0,122.78,5.0,120.98,5.0,124.0,1.0,120.95,1.0,124.2,1.0,120.2,1.0,125.2,5.0,119.34,1.0,126.9,5.0,117.4,5.0,131.8,5.0
191,Germany_Baseload#19#0#10000106,2021-10-27 07:34:27.753000,123.65,2.0,122.0,1.0,121.75,1.0,122.15,1.0,121.5,3.0,122.2,1.0,121.12,1.0,122.25,2.0,121.0,5.0,122.78,5.0,120.98,5.0,124.0,1.0,120.95,1.0,124.2,1.0,120.2,1.0,125.2,5.0,119.34,1.0,126.9,5.0,117.4,5.0,131.8,5.0
192,Germany_Baseload#19#0#10000106,2021-10-27 07:35:18.135000,123.65,2.0,122.0,1.0,121.5,3.0,122.15,1.0,121.12,1.0,122.2,1.0,121.0,5.0,122.25,2.0,120.98,5.0,122.78,5.0,120.95,1.0,124.0,1.0,120.2,1.0,124.2,1.0,119.34,1.0,125.2,5.0,117.4,5.0,126.9,5.0,108.0,1.0,131.8,5.0
193,Germany_Baseload#19#0#10000106,2021-10-27 07:35:18.320000,123.65,2.0,122.0,1.0,121.5,3.0,122.15,1.0,121.12,1.0,122.2,1.0,121.0,5.0,122.25,2.0,120.95,1.0,122.65,5.0,120.85,5.0,122.78,5.0,120.2,1.0,124.0,1.0,119.34,1.0,124.2,1.0,117.4,5.0,125.2,5.0,108.0,1.0,126.9,5.0
194,Germany_Baseload#19#0#10000106,2021-10-27 07:35:18.321000,123.65,2.0,122.0,1.0,121.5,3.0,122.15,1.0,121.12,1.0,122.2,1.0,121.0,5.0,122.25,2.0,120.95,1.0,122.65,5.0,120.85,5.0,124.0,1.0,120.2,1.0,124.2,1.0,119.34,1.0,125.2,5.0,117.4,5.0,126.9,5.0,108.0,1.0,131.8,5.0
195,Germany_Baseload#19#0#10000106,2021-10-27 07:35:18.329000,123.65,2.0,122.0,1.0,121.5,3.0,122.15,1.0,121.12,1.0,122.2,1.0,121.0,5.0,122.25,2.0,120.85,5.0,122.65,5.0,120.2,1.0,124.0,1.0,119.34,1.0,124.2,1.0,117.4,5.0,125.2,5.0,108.0,1.0,126.9,5.0,52.0,1.0,131.8,5.0
196,Germany_Baseload#19#0#10000106,2021-10-27 07:35:52.627000,123.65,2.0,122.0,1.0,121.5,3.0,122.15,1.0,121.12,1.0,122.2,1.0,121.0,5.0,122.25,2.0,120.85,5.0,122.65,5.0,120.45,1.0,124.0,1.0,120.2,1.0,124.2,1.0,119.34,1.0,125.2,5.0,117.4,5.0,126.9,5.0,108.0,1.0,131.8,5.0
197,Germany_Baseload#19#0#10000106,2021-10-27 07:36:10.829000,123.65,2.0,122.0,1.0,121.5,3.0,122.15,1.0,121.12,1.0,122.2,1.0,121.0,5.0,122.25,2.0,120.85,5.0,122.65,5.0,120.7,1.0,124.0,1.0,120.2,1.0,124.2,1.0,119.34,1.0,125.2,5.0,117.4,5.0,126.9,5.0,108.0,1.0,131.8,5.0
198,Germany_Baseload#19#0#10000106,2021-10-27 07:36:13.596000,123.65,2.0,121.9,5.0,121.5,3.0,122.0,1.0,121.12,1.0,122.15,1.0,121.0,5.0,122.2,1.0,120.85,5.0,122.25,2.0,120.7,1.0,122.65,5.0,120.2,1.0,124.0,1.0,119.34,1.0,124.2,1.0,117.4,5.0,125.2,5.0,108.0,1.0,126.9,5.0
199,Germany_Baseload#19#0#10000106,2021-10-27 07:36:13.609000,123.65,2.0,121.9,5.0,121.5,3.0,122.0,1.0,121.12,1.0,122.15,1.0,121.0,5.0,122.2,1.0,120.8,5.0,122.25,2.0,120.7,1.0,122.6,5.0,120.2,1.0,124.0,1.0,119.34,1.0,124.2,1.0,117.4,5.0,125.2,5.0,108.0,1.0,126.9,5.0
200,Germany_Baseload#19#0#10000106,2021-10-27 07:36:19.751000,123.65,2.0,121.9,5.0,121.5,3.0,122.0,1.0,121.12,1.0,122.15,1.0,121.0,5.0,122.2,1.0,120.8,5.0,122.25,2.0,120.2,1.0,122.6,5.0,119.34,1.0,124.0,1.0,117.4,5.0,124.2,1.0,108.0,1.0,125.2,5.0,52.0,1.0,126.9,5.0
201,Germany_Baseload#19#0#10000106,2021-10-27 07:36:31.737000,123.65,2.0,121.9,5.0,121.5,3.0,122.0,1.0,121.12,1.0,122.15,1.0,121.0,5.0,122.2,1.0,120.8,5.0,122.25,2.0,120.2,1.0,122.6,5.0,119.34,1.0,124.0,1.0,117.4,5.0,124.2,1.0,108.0,1.0,125.2,5.0,52.0,1.0,126.9,5.0
202,Germany_Baseload#19#0#10000106,2021-10-27 07:36:37.899000,123.65,2.0,121.9,5.0,121.5,3.0,122.0,1.0,121.12,1.0,122.15,1.0,121.0,5.0,122.2,1.0,120.8,5.0,122.25,2.0,120.45,1.0,122.6,5.0,120.2,1.0,124.0,1.0,119.34,1.0,124.2,1.0,117.4,5.0,125.2,5.0,108.0,1.0,126.9,5.0
203,Germany_Baseload#19#0#10000106,2021-10-27 07:36:47.601000,123.65,2.0,121.9,5.0,121.5,2.0,122.0,1.0,121.12,1.0,122.15,1.0,121.0,5.0,122.2,1.0,120.8,5.0,122.25,2.0,120.45,1.0,122.6,5.0,120.2,1.0,124.0,1.0,119.34,1.0,124.2,1.0,117.4,5.0,125.2,5.0,108.0,1.0,126.9,5.0
204,Germany_Baseload#19#0#10000106,2021-10-27 07:37:14.464000,123.65,2.0,121.9,5.0,121.55,1.0,122.0,1.0,121.5,1.0,122.15,1.0,121.12,1.0,122.2,1.0,121.0,5.0,122.25,2.0,120.8,5.0,122.6,5.0,120.45,1.0,124.0,1.0,120.2,1.0,124.2,1.0,119.34,1.0,125.2,5.0,117.4,5.0,126.9,5.0
205,Germany_Baseload#19#0#10000106,2021-10-27 07:37:14.689000,123.65,2.0,121.9,5.0,121.55,1.0,122.0,1.0,121.5,1.0,122.15,1.0,121.12,1.0,122.2,1.0,121.0,5.0,122.25,2.0,120.83,5.0,122.63,5.0,120.45,1.0,124.0,1.0,120.2,1.0,124.2,1.0,119.34,1.0,125.2,5.0,117.4,5.0,126.9,5.0
206,Germany_Baseload#19#0#10000106,2021-10-27 07:38:26.519000,123.65,2.0,121.9,5.0,121.6,1.0,122.0,1.0,121.5,1.0,122.15,1.0,121.12,1.0,122.2,1.0,121.0,5.0,122.25,2.0,120.83,5.0,122.63,5.0,120.45,1.0,124.0,1.0,120.2,1.0,124.2,1.0,119.34,1.0,125.2,5.0,117.4,5.0,126.9,5.0
207,Germany_Baseload#19#0#10000106,2021-10-27 07:38:26.760000,123.65,2.0,121.9,5.0,121.6,1.0,122.0,1.0,121.5,1.0,122.15,1.0,121.12,1.0,122.2,1.0,121.0,5.0,122.25,2.0,120.85,5.0,122.65,5.0,120.45,1.0,124.0,1.0,120.2,1.0,124.2,1.0,119.34,1.0,125.2,5.0,117.4,5.0,126.9,5.0
208,Germany_Baseload#19#0#10000106,2021-10-27 07:39:06.635000,123.65,2.0,121.9,5.0,121.75,1.0,122.0,1.0,121.6,1.0,122.15,1.0,121.5,1.0,122.2,1.0,121.12,1.0,122.25,2.0,121.0,5.0,122.65,5.0,120.85,5.0,124.0,1.0,120.45,1.0,124.2,1.0,120.2,1.0,125.2,5.0,119.34,1.0,126.9,5.0
209,Germany_Baseload#19#0#10000106,2021-10-27 07:39:06.910000,123.65,2.0,121.9,5.0,121.75,1.0,122.0,1.0,121.6,1.0,122.15,1.0,121.5,1.0,122.2,1.0,121.12,1.0,122.25,2.0,121.0,5.0,122.65,5.0,120.93,5.0,124.0,1.0,120.85,5.0,124.2,1.0,120.45,1.0,125.2,5.0,120.2,1.0,126.9,5.0
210,Germany_Baseload#19#0#10000106,2021-10-27 07:39:06.910000,123.65,2.0,121.9,5.0,121.75,1.0,122.0,1.0,121.6,1.0,122.15,1.0,121.5,1.0,122.2,1.0,121.12,1.0,122.25,2.0,121.0,5.0,122.73,5.0,120.93,5.0,124.0,1.0,120.45,1.0,124.2,1.0,120.2,1.0,125.2,5.0,119.34,1.0,126.9,5.0
211,Germany_Baseload#19#0#10000106,2021-10-27 07:39:35.285000,123.65,2.0,121.9,5.0,121.75,1.0,122.0,1.0,121.65,1.0,122.15,1.0,121.5,1.0,122.2,1.0,121.12,1.0,122.25,2.0,121.0,5.0,122.73,5.0,120.93,5.0,124.0,1.0,120.45,1.0,124.2,1.0,120.2,1.0,125.2,5.0,119.34,1.0,126.9,5.0
212,Germany_Baseload#19#0#10000106,2021-10-27 07:39:36.234000,123.65,2.0,121.9,5.0,121.75,1.0,122.0,1.0,121.7,1.0,122.15,1.0,121.5,1.0,122.2,1.0,121.12,1.0,122.25,2.0,121.0,5.0,122.73,5.0,120.93,5.0,124.0,1.0,120.45,1.0,124.2,1.0,120.2,1.0,125.2,5.0,119.34,1.0,126.9,5.0
213,Germany_Baseload#19#0#10000106,2021-10-27 07:39:36.876000,123.65,2.0,121.9,5.0,121.75,1.0,122.0,1.0,121.5,1.0,122.15,1.0,121.12,1.0,122.2,1.0,121.0,5.0,122.25,2.0,120.93,5.0,122.73,5.0,120.45,1.0,124.0,1.0,120.2,1.0,124.2,1.0,119.34,1.0,125.2,5.0,117.4,5.0,126.9,5.0
214,Germany_Baseload#19#0#10000106,2021-10-27 07:39:45.304000,123.65,2.0,121.9,5.0,121.75,1.0,122.0,1.0,121.7,1.0,122.15,1.0,121.5,1.0,122.2,1.0,121.12,1.0,122.25,2.0,121.0,5.0,122.73,5.0,120.93,5.0,124.0,1.0,120.45,1.0,124.2,1.0,120.2,1.0,125.2,5.0,119.34,1.0,126.9,5.0
215,Germany_Baseload#19#0#10000106,2021-10-27 07:41:04.167000,123.65,2.0,121.9,5.0,121.75,1.0,122.0,1.0,121.7,1.0,122.15,1.0,121.5,1.0,122.2,1.0,121.12,1.0,122.25,2.0,121.0,5.0,122.73,5.0,120.93,5.0,124.0,1.0,120.45,1.0,124.2,1.0,120.2,1.0,125.2,5.0,119.34,1.0,126.9,5.0
216,Germany_Baseload#19#0#10000106,2021-10-27 07:41:19.945000,123.65,2.0,121.9,5.0,121.75,2.0,122.0,1.0,121.5,1.0,122.15,1.0,121.12,1.0,122.2,1.0,121.0,5.0,122.25,2.0,120.93,5.0,122.73,5.0,120.45,1.0,124.0,1.0,120.2,1.0,124.2,1.0,119.34,1.0,125.2,5.0,117.4,5.0,126.9,5.0
217,Germany_Baseload#19#0#10000106,2021-10-27 07:41:29.133000,123.65,2.0,121.9,5.0,121.75,2.0,122.0,1.0,121.5,1.0,122.15,1.0,121.12,1.0,122.2,1.0,121.0,5.0,122.25,2.0,120.93,5.0,122.73,5.0,120.45,1.0,124.0,1.0,120.2,1.0,124.2,1.0,119.34,1.0,125.2,5.0,117.4,5.0,126.9,5.0
218,Germany_Baseload#19#0#10000106,2021-10-27 07:41:52.914000,123.65,2.0,121.9,5.0,121.75,1.0,122.0,1.0,121.5,1.0,122.15,1.0,121.12,1.0,122.2,1.0,121.0,5.0,122.25,2.0,120.93,5.0,122.73,5.0,120.45,1.0,124.0,1.0,120.2,1.0,124.2,1.0,119.34,1.0,125.2,5.0,117.4,5.0,126.9,5.0
219,Germany_Baseload#19#0#10000106,2021-10-27 07:41:52.919000,123.65,2.0,121.9,5.0,121.75,1.0,122.0,1.0,121.5,1.0,122.15,1.0,121.12,1.0,122.2,1.0,121.0,5.0,122.25,2.0,120.93,5.0,122.73,5.0,120.45,1.0,124.0,1.0,120.2,1.0,124.2,1.0,119.34,1.0,125.2,5.0,117.4,5.0,126.9,5.0
220,Germany_Baseload#19#0#10000106,2021-10-27 07:41:52.942000,123.65,2.0,121.9,5.0,121.5,1.0,122.0,1.0,121.12,1.0,122.15,1.0,121.0,5.0,122.2,1.0,120.93,5.0,122.25,2.0,120.45,1.0,122.73,5.0,120.2,1.0,124.0,1.0,119.34,1.0,124.2,1.0,117.4,5.0,125.2,5.0,108.0,1.0,126.9,5.0
221,Germany_Baseload#19#0#10000106,2021-10-27 07:41:53.044000,123.65,2.0,121.9,5.0,121.5,1.0,122.0,1.0,121.12,1.0,122.15,1.0,121.0,5.0,122.2,1.0,120.8,5.0,122.25,2.0,120.45,1.0,122.6,5.0,120.2,1.0,124.0,1.0,119.34,1.0,124.2,1.0,117.4,5.0,125.2,5.0,108.0,1.0,126.9,5.0
222,Germany_Baseload#19#0#10000106,2021-10-27 07:41:53.067000,123.65,2.0,121.9,5.0,121.5,1.0,122.0,1.0,121.12,1.0,122.15,1.0,121.0,5.0,122.2,1.0,120.95,1.0,122.25,2.0,120.8,5.0,122.6,5.0,120.45,1.0,124.0,1.0,120.2,1.0,124.2,1.0,119.34,1.0,125.2,5.0,117.4,5.0,126.9,5.0
223,Germany_Baseload#19#0#10000106,2021-10-27 07:41:53.068000,123.65,2.0,121.9,5.0,121.5,1.0,122.0,1.0,121.12,1.0,122.15,1.0,121.0,5.0,122.2,1.0,120.95,1.0,122.25,2.0,120.8,5.0,122.6,5.0,120.2,1.0,124.0,1.0,119.34,1.0,124.2,1.0,117.4,5.0,125.2,5.0,108.0,1.0,126.9,5.0
224,Germany_Baseload#19#0#10000106,2021-10-27 07:41:53.208000,123.65,2.0,121.9,5.0,121.5,1.0,122.0,1.0,121.12,1.0,122.15,1.0,121.0,5.0,122.2,1.0,120.8,5.0,122.25,2.0,120.45,1.0,122.6,5.0,120.2,1.0,124.0,1.0,119.34,1.0,124.2,1.0,117.4,5.0,125.2,5.0,108.0,1.0,126.9,5.0
225,Germany_Baseload#19#0#10000106,2021-10-27 07:42:03.764000,123.65,2.0,121.9,5.0,121.5,1.0,122.0,1.0,121.12,1.0,122.15,1.0,121.0,5.0,122.25,2.0,120.8,5.0,122.6,5.0,120.45,1.0,124.0,1.0,120.2,1.0,124.2,1.0,119.34,1.0,125.2,5.0,117.4,5.0,126.9,5.0,108.0,1.0,131.8,5.0
226,Germany_Baseload#19#0#10000106,2021-10-27 07:42:03.780000,123.65,2.0,121.9,1.0,121.5,1.0,122.0,1.0,121.12,1.0,122.15,1.0,121.0,5.0,122.25,2.0,120.8,5.0,122.6,5.0,120.45,1.0,124.0,1.0,120.2,1.0,124.2,1.0,119.34,1.0,125.2,5.0,117.4,5.0,126.9,5.0,108.0,1.0,131.8,5.0
227,Germany_Baseload#19#0#10000106,2021-10-27 07:42:04.680000,123.65,2.0,121.9,1.0,121.6,1.0,122.0,1.0,121.5,1.0,122.15,1.0,121.12,1.0,122.25,2.0,121.0,5.0,122.6,5.0,120.8,5.0,124.0,1.0,120.45,1.0,124.2,1.0,120.2,1.0,125.2,5.0,119.34,1.0,126.9,5.0,117.4,5.0,131.8,5.0
228,Germany_Baseload#19#0#10000106,2021-10-27 07:42:04.793000,123.65,2.0,121.9,1.0,121.6,1.0,122.0,1.0,121.5,1.0,122.15,1.0,121.12,1.0,122.25,2.0,121.0,5.0,122.6,5.0,120.85,5.0,124.0,1.0,120.8,5.0,124.2,1.0,120.45,1.0,125.2,5.0,120.2,1.0,126.9,5.0,119.34,1.0,131.8,5.0
229,Germany_Baseload#19#0#10000106,2021-10-27 07:42:04.796000,123.65,2.0,121.9,1.0,121.6,1.0,122.0,1.0,121.5,1.0,122.15,1.0,121.12,1.0,122.25,2.0,121.0,5.0,122.65,5.0,120.85,5.0,124.0,1.0,120.45,1.0,124.2,1.0,120.2,1.0,125.2,5.0,119.34,1.0,126.9,5.0,117.4,5.0,131.8,5.0
230,Germany_Baseload#19#0#10000106,2021-10-27 07:42:16.155000,123.65,2.0,121.9,1.0,121.65,1.0,122.0,1.0,121.5,1.0,122.15,1.0,121.12,1.0,122.25,2.0,121.0,5.0,122.65,5.0,120.85,5.0,124.0,1.0,120.45,1.0,124.2,1.0,120.2,1.0,125.2,5.0,119.34,1.0,126.9,5.0,117.4,5.0,131.8,5.0
231,Germany_Baseload#19#0#10000106,2021-10-27 07:42:16.270000,123.65,2.0,121.9,1.0,121.65,1.0,122.0,1.0,121.5,1.0,122.15,1.0,121.12,1.0,122.25,2.0,121.0,5.0,122.68,5.0,120.88,5.0,124.0,1.0,120.45,1.0,124.2,1.0,120.2,1.0,125.2,5.0,119.34,1.0,126.9,5.0,117.4,5.0,131.8,5.0
232,Germany_Baseload#19#0#10000106,2021-10-27 07:42:16.786000,123.65,2.0,121.9,1.0,121.7,1.0,122.0,1.0,121.5,1.0,122.15,1.0,121.12,1.0,122.25,2.0,121.0,5.0,122.68,5.0,120.88,5.0,124.0,1.0,120.45,1.0,124.2,1.0,120.2,1.0,125.2,5.0,119.34,1.0,126.9,5.0,117.4,5.0,131.8,5.0
233,Germany_Baseload#19#0#10000106,2021-10-27 07:42:16.912000,123.65,2.0,121.9,1.0,121.7,1.0,122.0,1.0,121.5,1.0,122.15,1.0,121.12,1.0,122.25,2.0,121.0,5.0,122.68,5.0,120.9,5.0,124.0,1.0,120.88,5.0,124.2,1.0,120.45,1.0,125.2,5.0,120.2,1.0,126.9,5.0,119.34,1.0,131.8,5.0
234,Germany_Baseload#19#0#10000106,2021-10-27 07:42:16.913000,123.65,2.0,121.9,1.0,121.7,1.0,122.0,1.0,121.5,1.0,122.15,1.0,121.12,1.0,122.25,2.0,121.0,5.0,122.7,5.0,120.9,5.0,124.0,1.0,120.45,1.0,124.2,1.0,120.2,1.0,125.2,5.0,119.34,1.0,126.9,5.0,117.4,5.0,131.8,5.0
235,Germany_Baseload#19#0#10000106,2021-10-27 07:42:17.236000,123.65,2.0,121.9,1.0,121.75,1.0,122.0,1.0,121.5,1.0,122.15,1.0,121.12,1.0,122.25,2.0,121.0,5.0,122.7,5.0,120.9,5.0,124.0,1.0,120.45,1.0,124.2,1.0,120.2,1.0,125.2,5.0,119.34,1.0,126.9,5.0,117.4,5.0,131.8,5.0
236,Germany_Baseload#19#0#10000106,2021-10-27 07:42:17.245000,123.65,2.0,121.9,1.0,121.75,1.0,122.0,1.0,121.5,1.0,122.15,1.0,121.12,1.0,122.25,2.0,121.0,5.0,122.7,5.0,120.93,5.0,124.0,1.0,120.9,5.0,124.2,1.0,120.45,1.0,125.2,5.0,120.2,1.0,126.9,5.0,119.34,1.0,131.8,5.0
237,Germany_Baseload#19#0#10000106,2021-10-27 07:42:17.246000,123.65,2.0,121.9,1.0,121.75,1.0,122.0,1.0,121.5,1.0,122.15,1.0,121.12,1.0,122.25,2.0,121.0,5.0,122.73,5.0,120.93,5.0,124.0,1.0,120.45,1.0,124.2,1.0,120.2,1.0,125.2,5.0,119.34,1.0,126.9,5.0,117.4,5.0,131.8,5.0
238,Germany_Baseload#19#0#10000106,2021-10-27 07:42:19.708000,123.65,2.0,121.9,1.0,121.75,5.0,122.0,1.0,121.5,1.0,122.15,1.0,121.12,1.0,122.25,2.0,121.0,5.0,122.73,5.0,120.93,5.0,124.0,1.0,120.45,1.0,124.2,1.0,120.2,1.0,125.2,5.0,119.34,1.0,126.9,5.0,117.4,5.0,131.8,5.0
239,Germany_Baseload#19#0#10000106,2021-10-27 07:42:19.741000,123.65,2.0,121.9,1.0,121.75,6.0,122.0,1.0,121.5,1.0,122.15,1.0,121.12,1.0,122.25,2.0,121.0,5.0,122.73,5.0,120.93,5.0,124.0,1.0,120.45,1.0,124.2,1.0,120.2,1.0,125.2,5.0,119.34,1.0,126.9,5.0,117.4,5.0,131.8,5.0
240,Germany_Baseload#19#0#10000106,2021-10-27 07:42:20.582000,123.65,2.0,121.9,1.0,121.75,6.0,122.0,1.0,121.5,1.0,122.15,1.0,121.12,1.0,122.25,2.0,121.0,5.0,122.73,5.0,120.93,5.0,124.0,1.0,120.45,1.0,124.2,1.0,120.2,1.0,125.2,5.0,119.34,1.0,126.9,5.0,117.4,5.0,131.8,5.0
241,Germany_Baseload#19#0#10000106,2021-10-27 07:42:20.726000,123.65,2.0,121.9,1.0,121.75,6.0,122.0,1.0,121.5,1.0,122.15,1.0,121.12,1.0,122.25,2.0,121.0,5.0,122.73,5.0,120.95,1.0,124.0,1.0,120.93,5.0,124.2,1.0,120.2,1.0,125.2,5.0,119.34,1.0,126.9,5.0,117.4,5.0,131.8,5.0
242,Germany_Baseload#19#0#10000106,2021-10-27 07:42:23.047000,123.65,2.0,121.9,1.0,121.75,1.0,122.0,1.0,121.5,1.0,122.15,1.0,121.12,1.0,122.25,2.0,121.0,5.0,122.73,5.0,120.95,1.0,124.0,1.0,120.93,5.0,124.2,1.0,120.2,1.0,125.2,5.0,119.34,1.0,126.9,5.0,117.4,5.0,131.8,5.0
243,Germany_Baseload#19#0#10000106,2021-10-27 07:42:23.070000,123.65,2.0,121.9,1.0,121.5,1.0,122.0,1.0,121.12,1.0,122.15,1.0,121.0,5.0,122.25,2.0,120.95,1.0,122.73,5.0,120.93,5.0,124.0,1.0,120.2,1.0,124.2,1.0,119.34,1.0,125.2,5.0,117.4,5.0,126.9,5.0,108.0,1.0,131.8,5.0
244,Germany_Baseload#19#0#10000106,2021-10-27 07:42:23.230000,123.65,2.0,121.9,1.0,121.5,1.0,122.0,1.0,121.12,1.0,122.15,1.0,121.0,5.0,122.25,2.0,120.95,1.0,122.6,5.0,120.8,5.0,124.0,1.0,120.2,1.0,124.2,1.0,119.34,1.0,125.2,5.0,117.4,5.0,126.9,5.0,108.0,1.0,131.8,5.0
245,Germany_Baseload#19#0#10000106,2021-10-27 07:42:23.269000,123.65,2.0,121.9,1.0,121.5,1.0,122.0,1.0,121.12,1.0,122.15,1.0,121.0,5.0,122.25,2.0,120.8,5.0,122.6,5.0,120.45,1.0,124.0,1.0,120.2,1.0,124.2,1.0,119.34,1.0,125.2,5.0,117.4,5.0,126.9,5.0,108.0,1.0,131.8,5.0
246,Germany_Baseload#19#0#10000106,2021-10-27 07:43:14.700000,123.65,2.0,121.75,2.0,121.5,1.0,121.9,1.0,121.12,1.0,122.0,1.0,121.0,5.0,122.15,1.0,120.8,5.0,122.25,2.0,120.45,1.0,122.6,5.0,120.2,1.0,124.0,1.0,119.34,1.0,124.2,1.0,117.4,5.0,125.2,5.0,108.0,1.0,126.9,5.0
247,Germany_Baseload#19#0#10000106,2021-10-27 07:43:14.719000,123.65,2.0,121.75,2.0,121.5,1.0,121.9,1.0,121.12,1.0,122.0,1.0,121.0,5.0,122.15,1.0,120.8,5.0,122.25,2.0,120.73,5.0,122.6,5.0,120.45,1.0,124.0,1.0,120.2,1.0,124.2,1.0,119.34,1.0,125.2,5.0,117.4,5.0,126.9,5.0
248,Germany_Baseload#19#0#10000106,2021-10-27 07:43:14.720000,123.65,2.0,121.75,2.0,121.5,1.0,121.9,1.0,121.12,1.0,122.0,1.0,121.0,5.0,122.15,1.0,120.73,5.0,122.25,2.0,120.45,1.0,122.53,5.0,120.2,1.0,124.0,1.0,119.34,1.0,124.2,1.0,117.4,5.0,125.2,5.0,108.0,1.0,126.9,5.0
249,Germany_Baseload#19#0#10000106,2021-10-27 07:43:18.888000,123.65,2.0,121.75,2.0,121.5,1.0,121.9,1.0,121.12,1.0,122.0,1.0,121.0,5.0,122.15,1.0,120.73,5.0,122.25,1.0,120.45,1.0,122.53,5.0,120.2,1.0,124.0,1.0,119.34,1.0,124.2,1.0,117.4,5.0,125.2,5.0,108.0,1.0,126.9,5.0
250,Germany_Baseload#19#0#10000106,2021-10-27 07:43:29.997000,123.65,2.0,121.75,2.0,121.5,1.0,121.9,1.0,121.12,1.0,122.0,1.0,121.0,5.0,122.15,1.0,120.73,5.0,122.25,1.0,120.7,1.0,122.53,5.0,120.2,1.0,124.0,1.0,119.34,1.0,124.2,1.0,117.4,5.0,125.2,5.0,108.0,1.0,126.9,5.0
251,Germany_Baseload#19#0#10000106,2021-10-27 07:43:30.550000,123.65,2.0,121.75,2.0,121.12,1.0,121.9,1.0,121.0,5.0,122.0,1.0,120.73,5.0,122.15,1.0,120.7,1.0,122.25,1.0,120.2,1.0,122.53,5.0,119.34,1.0,124.0,1.0,117.4,5.0,124.2,1.0,108.0,1.0,125.2,5.0,52.0,1.0,126.9,5.0
252,Germany_Baseload#19#0#10000106,2021-10-27 07:43:30.560000,123.65,2.0,121.75,2.0,121.12,1.0,121.9,1.0,121.0,5.0,122.0,1.0,120.7,1.0,122.15,1.0,120.54,5.0,122.25,1.0,120.2,1.0,122.34,5.0,119.34,1.0,124.0,1.0,117.4,5.0,124.2,1.0,108.0,1.0,125.2,5.0,52.0,1.0,126.9,5.0
253,Germany_Baseload#19#0#10000106,2021-10-27 07:44:45.620000,123.65,2.0,121.5,1.0,121.12,1.0,121.75,2.0,121.0,5.0,121.9,1.0,120.7,1.0,122.0,1.0,120.54,5.0,122.15,1.0,120.2,1.0,122.25,1.0,119.34,1.0,122.34,5.0,117.4,5.0,124.0,1.0,108.0,1.0,124.2,1.0,52.0,1.0,125.2,5.0
254,Germany_Baseload#19#0#10000106,2021-10-27 07:44:45.636000,123.65,2.0,121.5,1.0,121.12,1.0,121.75,2.0,121.0,5.0,121.9,1.0,120.7,1.0,122.0,1.0,120.54,5.0,122.15,1.0,120.41,5.0,122.25,1.0,120.2,1.0,122.34,5.0,119.34,1.0,124.0,1.0,117.4,5.0,124.2,1.0,108.0,1.0,125.2,5.0
255,Germany_Baseload#19#0#10000106,2021-10-27 07:44:45.637000,123.65,2.0,121.5,1.0,121.12,1.0,121.75,2.0,121.0,5.0,121.9,1.0,120.7,1.0,122.0,1.0,120.41,5.0,122.15,1.0,120.2,1.0,122.21,5.0,119.34,1.0,122.25,1.0,117.4,5.0,122.34,5.0,108.0,1.0,124.0,1.0,52.0,1.0,124.2,1.0
256,Germany_Baseload#19#0#10000106,2021-10-27 07:44:45.638000,123.65,2.0,121.5,1.0,121.12,1.0,121.75,2.0,121.0,5.0,121.9,1.0,120.7,1.0,122.0,1.0,120.41,5.0,122.15,1.0,120.2,1.0,122.21,5.0,119.34,1.0,122.25,1.0,117.4,5.0,124.0,1.0,108.0,1.0,124.2,1.0,52.0,1.0,125.2,5.0
257,Germany_Baseload#19#0#10000106,2021-10-27 07:46:26.834000,123.65,2.0,121.5,1.0,121.12,1.0,121.75,1.0,121.0,5.0,121.9,1.0,120.7,1.0,122.0,1.0,120.41,5.0,122.15,1.0,120.2,1.0,122.21,5.0,119.34,1.0,122.25,1.0,117.4,5.0,124.0,1.0,108.0,1.0,124.2,1.0,52.0,1.0,125.2,5.0
258,Germany_Baseload#19#0#10000106,2021-10-27 07:46:35.921000,123.65,2.0,121.5,1.0,121.0,5.0,121.75,1.0,120.7,1.0,121.9,1.0,120.41,5.0,122.0,1.0,120.2,1.0,122.15,1.0,119.34,1.0,122.21,5.0,117.4,5.0,122.25,1.0,108.0,1.0,124.0,1.0,52.0,1.0,124.2,1.0,48.0,3.0,125.2,5.0
259,Germany_Baseload#19#0#10000106,2021-10-27 07:46:36.034000,123.65,2.0,121.5,1.0,121.0,5.0,121.75,1.0,120.7,1.0,121.9,1.0,120.35,5.0,122.0,1.0,120.2,1.0,122.15,5.0,119.34,1.0,122.21,5.0,117.4,5.0,122.25,1.0,108.0,1.0,124.0,1.0,52.0,1.0,124.2,1.0,48.0,3.0,125.2,5.0
260,Germany_Baseload#19#0#10000106,2021-10-27 07:46:36.035000,123.65,2.0,121.5,1.0,121.0,5.0,121.75,1.0,120.7,1.0,121.9,1.0,120.35,5.0,122.0,1.0,120.2,1.0,122.15,5.0,119.34,1.0,122.25,1.0,117.4,5.0,124.0,1.0,108.0,1.0,124.2,1.0,52.0,1.0,125.2,5.0,48.0,3.0,126.9,5.0
261,Germany_Baseload#19#0#10000106,2021-10-27 07:47:01.962000,123.65,2.0,121.25,5.0,121.0,5.0,121.5,1.0,120.7,1.0,121.75,1.0,120.35,5.0,121.9,1.0,120.2,1.0,122.0,1.0,119.34,1.0,122.15,5.0,117.4,5.0,122.25,1.0,108.0,1.0,124.0,1.0,52.0,1.0,124.2,1.0,48.0,3.0,125.2,5.0
262,Germany_Baseload#19#0#10000106,2021-10-27 07:47:02.221000,123.65,2.0,121.25,5.0,121.0,5.0,121.5,1.0,120.7,1.0,121.75,1.0,120.23,5.0,121.9,1.0,120.2,1.0,122.0,1.0,119.34,1.0,122.03,5.0,117.4,5.0,122.15,5.0,108.0,1.0,122.25,1.0,52.0,1.0,124.0,1.0,48.0,3.0,124.2,1.0
263,Germany_Baseload#19#0#10000106,2021-10-27 07:47:02.222000,123.65,2.0,121.25,5.0,121.0,5.0,121.5,1.0,120.7,1.0,121.75,1.0,120.23,5.0,121.9,1.0,120.2,1.0,122.0,1.0,119.34,1.0,122.03,5.0,117.4,5.0,122.15,1.0,108.0,1.0,122.25,1.0,52.0,1.0,124.0,1.0,48.0,3.0,124.2,1.0
264,Germany_Baseload#19#0#10000106,2021-10-27 07:47:06.508000,123.65,2.0,121.25,5.0,121.0,3.0,121.75,3.0,120.7,1.0,121.9,1.0,120.23,5.0,122.0,1.0,120.2,1.0,122.03,5.0,119.34,1.0,122.15,1.0,117.4,5.0,122.25,1.0,108.0,1.0,124.0,1.0,52.0,1.0,124.2,1.0,48.0,3.0,125.2,5.0
265,Germany_Baseload#19#0#10000106,2021-10-27 07:47:07.757000,123.65,2.0,121.25,5.0,121.0,1.0,121.75,3.0,120.7,1.0,121.9,1.0,120.23,5.0,122.0,1.0,120.2,1.0,122.03,5.0,119.34,1.0,122.15,1.0,117.4,5.0,122.25,1.0,108.0,1.0,124.0,1.0,52.0,1.0,124.2,1.0,48.0,3.0,125.2,5.0
266,Germany_Baseload#19#0#10000106,2021-10-27 07:47:09.840000,123.65,2.0,121.25,5.0,121.0,1.0,121.7,1.0,120.7,1.0,121.75,3.0,120.23,5.0,121.9,1.0,120.2,1.0,122.0,1.0,119.34,1.0,122.03,5.0,117.4,5.0,122.15,1.0,108.0,1.0,122.25,1.0,52.0,1.0,124.0,1.0,48.0,3.0,124.2,1.0
267,Germany_Baseload#19#0#10000106,2021-10-27 07:47:17.598000,123.65,2.0,121.25,5.0,121.0,1.0,121.7,1.0,120.75,1.0,121.75,3.0,120.7,1.0,121.9,1.0,120.23,5.0,122.0,1.0,120.2,1.0,122.03,5.0,119.34,1.0,122.15,1.0,117.4,5.0,122.25,1.0,108.0,1.0,124.0,1.0,52.0,1.0,124.2,1.0
268,Germany_Baseload#19#0#10000106,2021-10-27 07:47:30.754000,123.65,2.0,121.25,5.0,121.0,1.0,121.7,1.0,120.75,1.0,121.75,3.0,120.7,1.0,121.9,1.0,120.23,5.0,122.0,1.0,120.2,1.0,122.03,5.0,119.34,1.0,122.15,1.0,117.4,5.0,122.25,1.0,108.0,1.0,124.0,1.0,52.0,1.0,124.2,1.0
269,Germany_Baseload#19#0#10000106,2021-10-27 07:47:30.785000,123.65,2.0,121.25,5.0,121.0,1.0,121.7,1.0,120.97,2.0,121.75,3.0,120.75,1.0,121.9,1.0,120.7,1.0,122.0,1.0,120.23,5.0,122.03,5.0,120.2,1.0,122.15,1.0,119.34,1.0,122.25,1.0,117.4,5.0,124.0,1.0,108.0,1.0,124.2,1.0
270,Germany_Baseload#19#0#10000106,2021-10-27 07:47:34.013000,123.65,2.0,121.25,5.0,121.0,1.0,121.7,1.0,120.97,2.0,121.75,3.0,120.75,1.0,121.9,1.0,120.7,1.0,122.0,1.0,120.23,5.0,122.03,5.0,120.2,1.0,122.15,1.0,119.34,1.0,122.25,1.0,117.4,5.0,124.0,1.0,108.0,1.0,124.2,1.0
271,Germany_Baseload#19#0#10000106,2021-10-27 07:47:56.428000,123.65,2.0,121.25,5.0,121.0,1.0,121.5,1.0,120.97,2.0,121.7,1.0,120.75,1.0,121.75,3.0,120.7,1.0,121.9,1.0,120.23,5.0,122.0,1.0,120.2,1.0,122.03,5.0,119.34,1.0,122.15,1.0,117.4,5.0,122.25,1.0,108.0,1.0,124.0,1.0
272,Germany_Baseload#19#0#10000106,2021-10-27 07:48:06.806000,123.65,2.0,121.2,5.0,121.0,1.0,121.25,5.0,120.97,2.0,121.5,1.0,120.75,1.0,121.7,1.0,120.7,1.0,121.75,3.0,120.23,5.0,121.9,1.0,120.2,1.0,122.0,1.0,119.34,1.0,122.03,5.0,117.4,5.0,122.15,1.0,108.0,1.0,122.25,1.0
273,Germany_Baseload#19#0#10000106,2021-10-27 07:48:06.807000,123.65,2.0,121.2,5.0,121.0,1.0,121.25,5.0,120.97,2.0,121.5,1.0,120.75,1.0,121.7,1.0,120.7,1.0,121.75,3.0,120.23,5.0,121.9,1.0,120.2,1.0,122.0,1.0,119.34,1.0,122.03,5.0,117.4,5.0,122.15,1.0,108.0,1.0,122.25,1.0
274,Germany_Baseload#19#0#10000106,2021-10-27 07:48:06.917000,123.65,2.0,121.2,5.0,121.0,1.0,121.25,5.0,120.97,2.0,121.5,1.0,120.75,1.0,121.7,1.0,120.7,1.0,121.75,3.0,120.2,5.0,121.9,1.0,119.34,1.0,122.0,5.0,117.4,5.0,122.03,5.0,108.0,1.0,122.15,1.0,52.0,1.0,122.25,1.0
275,Germany_Baseload#19#0#10000106,2021-10-27 07:48:06.918000,123.65,2.0,121.2,5.0,121.0,1.0,121.25,5.0,120.97,2.0,121.5,1.0,120.75,1.0,121.7,1.0,120.7,1.0,121.75,3.0,120.2,5.0,121.9,1.0,119.34,1.0,122.0,5.0,117.4,5.0,122.15,1.0,108.0,1.0,122.25,1.0,52.0,1.0,124.0,1.0
276,Germany_Baseload#19#0#10000106,2021-10-27 07:48:52.604000,123.65,2.0,121.2,5.0,121.0,1.0,121.25,5.0,120.97,2.0,121.5,1.0,120.75,1.0,121.75,3.0,120.7,1.0,121.9,1.0,120.2,5.0,122.0,5.0,119.34,1.0,122.15,1.0,117.4,5.0,122.25,1.0,108.0,1.0,124.0,1.0,52.0,1.0,124.2,1.0
277,Germany_Baseload#19#0#10000106,2021-10-27 07:49:08.702000,123.65,2.0,121.2,5.0,121.0,1.0,121.25,5.0,120.97,2.0,121.5,1.0,120.75,1.0,121.75,3.0,120.7,1.0,121.9,1.0,120.2,5.0,122.0,5.0,119.34,1.0,122.15,1.0,117.4,5.0,122.25,1.0,108.0,1.0,124.0,1.0,52.0,1.0,124.2,1.0
278,Germany_Baseload#19#0#10000106,2021-10-27 07:49:31.670000,123.65,2.0,121.2,2.0,121.0,1.0,121.25,5.0,120.97,2.0,121.5,1.0,120.75,1.0,121.75,3.0,120.7,1.0,121.9,1.0,120.2,5.0,122.0,5.0,119.34,1.0,122.15,1.0,117.4,5.0,122.25,1.0,108.0,1.0,124.0,1.0,52.0,1.0,124.2,1.0
279,Germany_Baseload#19#0#10000106,2021-10-27 07:49:49.002000,123.65,2.0,121.0,2.0,121.0,1.0,121.2,2.0,120.97,2.0,121.25,5.0,120.75,1.0,121.5,1.0,120.7,1.0,121.75,3.0,120.2,5.0,121.9,1.0,119.34,1.0,122.0,5.0,117.4,5.0,122.15,1.0,108.0,1.0,122.25,1.0,52.0,1.0,124.0,1.0
280,Germany_Baseload#19#0#10000106,2021-10-27 07:49:49.112000,123.65,2.0,121.0,2.0,121.0,1.0,121.2,2.0,120.97,2.0,121.25,5.0,120.75,1.0,121.5,1.0,120.7,1.0,121.75,3.0,120.2,1.0,121.9,5.0,120.1,5.0,122.0,1.0,119.34,1.0,122.15,1.0,117.4,5.0,122.25,1.0,108.0,1.0,124.0,1.0
281,Germany_Baseload#19#0#10000106,2021-10-27 07:49:53.859000,123.65,2.0,121.0,2.0,121.0,1.0,121.2,2.0,120.97,2.0,121.25,5.0,120.75,1.0,121.5,1.0,120.7,1.0,121.75,3.0,120.2,1.0,121.9,5.0,120.1,5.0,122.0,1.0,119.34,1.0,122.15,1.0,117.4,5.0,122.25,1.0,108.0,1.0,124.0,1.0
282,Germany_Baseload#19#0#10000106,2021-10-27 07:49:54.852000,123.65,2.0,121.0,1.0,121.0,1.0,121.2,2.0,120.97,2.0,121.25,5.0,120.75,1.0,121.75,3.0,120.7,1.0,121.9,5.0,120.2,1.0,122.0,1.0,120.1,5.0,122.15,1.0,119.34,1.0,122.25,1.0,117.4,5.0,124.0,1.0,108.0,1.0,124.2,1.0
283,Germany_Baseload#19#0#10000106,2021-10-27 07:50:03.556000,123.65,2.0,121.0,1.0,121.0,1.0,121.2,2.0,120.97,2.0,121.25,5.0,120.75,1.0,121.75,3.0,120.7,1.0,121.9,5.0,120.2,1.0,122.0,1.0,120.1,5.0,122.15,1.0,119.34,1.0,122.25,1.0,117.4,5.0,124.0,1.0,108.0,1.0,124.2,1.0
284,Germany_Baseload#19#0#10000106,2021-10-27 07:50:18.032000,123.65,2.0,121.0,1.0,121.0,1.0,121.2,2.0,120.97,2.0,121.25,5.0,120.8,1.0,121.75,3.0,120.75,1.0,121.9,5.0,120.7,1.0,122.0,1.0,120.2,1.0,122.15,1.0,120.1,5.0,122.25,1.0,119.34,1.0,124.0,1.0,117.4,5.0,124.2,1.0
285,Germany_Baseload#19#0#10000106,2021-10-27 07:51:27.387000,123.65,2.0,121.0,1.0,121.0,1.0,121.2,2.0,120.97,2.0,121.25,5.0,120.8,1.0,121.75,3.0,120.75,1.0,121.9,5.0,120.7,1.0,122.0,1.0,120.2,1.0,122.15,1.0,120.1,5.0,122.25,1.0,119.34,1.0,124.0,1.0,117.4,5.0,124.2,1.0
286,Germany_Baseload#19#0#10000106,2021-10-27 07:51:27.396000,123.65,2.0,121.2,2.0,121.0,1.0,121.25,5.0,120.97,2.0,121.75,3.0,120.8,1.0,121.9,5.0,120.75,1.0,122.0,1.0,120.7,1.0,122.15,1.0,120.2,1.0,122.25,1.0,120.1,5.0,124.0,1.0,119.34,1.0,124.2,1.0,117.4,5.0,125.2,5.0
287,Germany_Baseload#19#0#10000106,2021-10-27 07:51:27.479000,123.65,2.0,121.2,2.0,121.0,1.0,121.25,5.0,120.97,2.0,121.75,3.0,120.8,1.0,121.9,5.0,120.75,1.0,122.0,1.0,120.7,1.0,122.15,1.0,120.2,5.0,122.25,1.0,120.1,5.0,124.0,1.0,119.34,1.0,124.2,1.0,117.4,5.0,125.2,5.0
288,Germany_Baseload#19#0#10000106,2021-10-27 07:51:27.480000,123.65,2.0,121.2,2.0,121.0,1.0,121.25,5.0,120.97,2.0,121.75,3.0,120.8,1.0,121.9,1.0,120.75,1.0,122.0,5.0,120.7,1.0,122.15,1.0,120.2,5.0,122.25,1.0,119.34,1.0,124.0,1.0,117.4,5.0,124.2,1.0,108.0,1.0,125.2,5.0
289,Germany_Baseload#19#0#10000106,2021-10-27 07:51:27.640000,123.65,2.0,121.2,2.0,121.0,1.0,121.25,5.0,120.97,2.0,121.75,3.0,120.8,1.0,121.9,1.0,120.75,1.0,122.0,5.0,120.7,1.0,122.15,1.0,120.2,5.0,122.25,1.0,119.34,1.0,124.0,1.0,117.4,5.0,124.2,1.0,108.0,1.0,125.2,5.0
290,Germany_Baseload#19#0#10000106,2021-10-27 07:52:18.698000,123.65,2.0,121.2,2.0,121.0,1.0,121.25,5.0,120.97,2.0,121.75,3.0,120.8,1.0,121.9,1.0,120.75,1.0,122.0,5.0,120.7,1.0,122.15,1.0,120.2,5.0,122.25,1.0,119.34,1.0,124.0,1.0,117.4,5.0,124.2,1.0,108.0,1.0,125.2,5.0
291,Germany_Baseload#19#0#10000106,2021-10-27 07:52:18.747000,123.65,2.0,121.2,2.0,121.0,2.0,121.25,5.0,120.97,2.0,121.75,3.0,120.8,1.0,121.9,1.0,120.75,1.0,122.0,5.0,120.7,1.0,122.15,1.0,120.2,5.0,122.25,1.0,119.34,1.0,124.0,1.0,117.4,5.0,124.2,1.0,108.0,1.0,125.2,5.0
292,Germany_Baseload#19#0#10000106,2021-10-27 07:52:18.756000,123.65,2.0,121.2,2.0,121.0,1.0,121.25,5.0,120.97,2.0,121.75,3.0,120.8,1.0,121.9,1.0,120.75,1.0,122.0,5.0,120.7,1.0,122.15,1.0,120.2,5.0,122.25,1.0,119.34,1.0,124.0,1.0,117.4,5.0,124.2,1.0,108.0,1.0,125.2,5.0
293,Germany_Baseload#19#0#10000106,2021-10-27 07:52:27.754000,123.65,2.0,121.2,2.0,121.0,2.0,121.25,5.0,120.97,2.0,121.75,3.0,120.8,1.0,121.9,1.0,120.75,1.0,122.0,5.0,120.7,1.0,122.15,1.0,120.2,5.0,122.25,1.0,119.34,1.0,123.0,1.0,117.4,5.0,124.0,1.0,108.0,1.0,124.2,1.0
294,Germany_Baseload#19#0#10000106,2021-10-27 07:52:32.874000,123.65,2.0,121.2,2.0,121.0,2.0,121.25,5.0,120.97,2.0,121.7,1.0,120.8,1.0,121.75,3.0,120.75,1.0,121.9,1.0,120.7,1.0,122.0,5.0,120.2,5.0,122.15,1.0,119.34,1.0,122.25,1.0,117.4,5.0,123.0,1.0,108.0,1.0,124.0,1.0
295,Germany_Baseload#19#0#10000106,2021-10-27 07:52:35.642000,123.65,2.0,121.2,2.0,121.0,1.0,121.25,5.0,120.97,2.0,121.7,1.0,120.8,1.0,121.75,3.0,120.75,1.0,121.9,1.0,120.7,1.0,122.0,5.0,120.2,5.0,122.15,1.0,119.34,1.0,122.25,1.0,117.4,5.0,123.0,1.0,108.0,1.0,124.0,1.0
296,Germany_Baseload#19#0#10000106,2021-10-27 07:52:38.463000,123.65,2.0,121.2,2.0,121.0,1.0,121.25,5.0,120.97,2.0,121.7,1.0,120.8,1.0,121.75,3.0,120.75,1.0,121.9,1.0,120.7,1.0,122.0,5.0,120.2,5.0,122.15,1.0,119.34,1.0,122.25,1.0,117.4,5.0,123.0,1.0,108.0,1.0,124.0,1.0
297,Germany_Baseload#19#0#10000106,2021-10-27 07:52:40.861000,123.65,2.0,121.2,2.0,121.0,1.0,121.25,5.0,120.97,2.0,121.7,1.0,120.75,1.0,121.75,3.0,120.7,1.0,121.9,1.0,120.2,5.0,122.0,5.0,119.34,1.0,122.15,1.0,117.4,5.0,122.25,1.0,108.0,1.0,123.0,1.0,52.0,1.0,124.0,1.0
298,Germany_Baseload#19#0#10000106,2021-10-27 07:52:53.966000,123.65,2.0,121.2,2.0,121.0,1.0,121.25,5.0,120.97,2.0,121.7,1.0,120.75,1.0,121.75,3.0,120.7,2.0,121.9,1.0,120.2,5.0,122.0,5.0,119.34,1.0,122.15,1.0,117.4,5.0,122.25,1.0,108.0,1.0,123.0,1.0,52.0,1.0,124.0,1.0
299,Germany_Baseload#19#0#10000106,2021-10-27 07:52:58.982000,123.65,2.0,121.2,2.0,121.0,1.0,121.25,5.0,120.97,2.0,121.7,1.0,120.8,1.0,121.75,3.0,120.75,1.0,121.9,1.0,120.7,2.0,122.0,5.0,120.2,5.0,122.15,1.0,119.34,1.0,122.25,1.0,117.4,5.0,123.0,1.0,108.0,1.0,124.0,1.0
300,Germany_Baseload#19#0#10000106,2021-10-27 07:52:59.503000,123.65,2.0,121.0,1.0,121.0,1.0,121.2,2.0,120.97,2.0,121.25,5.0,120.8,1.0,121.7,1.0,120.75,1.0,121.75,3.0,120.7,2.0,121.9,1.0,120.2,5.0,122.0,5.0,119.34,1.0,122.15,1.0,117.4,5.0,122.25,1.0,108.0,1.0,123.0,1.0
301,Germany_Baseload#19#0#10000106,2021-10-27 07:52:59.562000,123.65,2.0,121.0,1.0,121.0,1.0,121.2,2.0,120.97,2.0,121.25,5.0,120.8,1.0,121.7,1.0,120.75,1.0,121.75,3.0,120.7,2.0,121.9,5.0,120.2,1.0,122.0,1.0,120.1,5.0,122.15,1.0,119.34,1.0,122.25,1.0,117.4,5.0,123.0,1.0
302,Germany_Baseload#19#0#10000106,2021-10-27 07:53:00.310000,123.65,2.0,121.0,1.0,120.97,2.0,121.2,2.0,120.8,1.0,121.25,5.0,120.75,1.0,121.7,1.0,120.7,2.0,121.75,3.0,120.2,1.0,121.9,5.0,120.1,5.0,122.0,1.0,119.34,1.0,122.15,1.0,117.4,5.0,122.25,1.0,108.0,1.0,123.0,1.0
303,Germany_Baseload#19#0#10000106,2021-10-27 07:53:00.345000,123.65,2.0,121.0,1.0,120.97,1.0,121.2,2.0,120.8,1.0,121.25,5.0,120.75,1.0,121.7,1.0,120.7,2.0,121.75,3.0,120.2,1.0,121.9,5.0,120.1,5.0,122.0,1.0,119.34,1.0,122.15,1.0,117.4,5.0,122.25,1.0,108.0,1.0,123.0,1.0
304,Germany_Baseload#19#0#10000106,2021-10-27 07:53:00.349000,123.65,2.0,121.0,1.0,120.8,1.0,121.2,2.0,120.75,1.0,121.25,5.0,120.7,2.0,121.7,1.0,120.2,1.0,121.75,3.0,120.1,5.0,121.9,5.0,119.34,1.0,122.0,1.0,117.4,5.0,122.15,1.0,108.0,1.0,122.25,1.0,52.0,1.0,123.0,1.0
305,Germany_Baseload#19#0#10000106,2021-10-27 07:53:00.560000,123.65,2.0,121.0,1.0,120.8,1.0,121.2,2.0,120.75,1.0,121.25,5.0,120.7,2.0,121.7,1.0,120.2,1.0,121.75,3.0,120.0,5.0,121.8,5.0,119.34,1.0,121.9,1.0,117.4,5.0,122.0,1.0,108.0,1.0,122.15,1.0,52.0,1.0,122.25,1.0
306,Germany_Baseload#19#0#10000106,2021-10-27 07:53:35.471000,123.65,2.0,121.0,1.0,120.75,1.0,121.2,2.0,120.7,2.0,121.25,5.0,120.2,1.0,121.7,1.0,120.0,5.0,121.75,3.0,119.34,1.0,121.8,5.0,117.4,5.0,121.9,1.0,108.0,1.0,122.0,1.0,52.0,1.0,122.15,1.0,48.0,3.0,122.25,1.0
307,Germany_Baseload#19#0#10000106,2021-10-27 07:53:35.495000,123.65,2.0,121.0,1.0,120.75,1.0,121.2,2.0,120.7,2.0,121.25,5.0,120.2,1.0,121.7,1.0,119.98,5.0,121.75,3.0,119.34,1.0,121.78,5.0,117.4,5.0,121.9,1.0,108.0,1.0,122.0,1.0,52.0,1.0,122.15,1.0,48.0,3.0,122.25,1.0
308,Germany_Baseload#19#0#10000106,2021-10-27 07:53:38.535000,123.65,2.0,121.0,1.0,120.75,1.0,121.2,2.0,120.7,1.0,121.25,5.0,120.2,1.0,121.7,1.0,119.98,5.0,121.75,3.0,119.34,1.0,121.78,5.0,117.4,5.0,121.9,1.0,108.0,1.0,122.0,1.0,52.0,1.0,122.15,1.0,48.0,3.0,122.25,1.0
309,Germany_Baseload#19#0#10000106,2021-10-27 07:53:43.210000,123.65,2.0,121.0,1.0,120.75,1.0,121.19,1.0,120.7,1.0,121.2,2.0,120.2,1.0,121.25,5.0,119.98,5.0,121.7,1.0,119.34,1.0,121.75,3.0,117.4,5.0,121.78,5.0,108.0,1.0,121.9,1.0,52.0,1.0,122.0,1.0,48.0,3.0,122.15,1.0
310,Germany_Baseload#19#0#10000106,2021-10-27 07:53:47.143000,123.65,2.0,121.0,1.0,120.75,1.0,121.19,1.0,120.7,1.0,121.2,2.0,120.2,1.0,121.25,5.0,119.98,5.0,121.7,1.0,119.34,1.0,121.75,3.0,117.4,5.0,121.78,5.0,108.0,1.0,121.9,1.0,52.0,1.0,122.0,1.0,48.0,3.0,122.15,1.0
311,Germany_Baseload#19#0#10000106,2021-10-27 07:54:27.231000,123.65,2.0,121.0,1.0,120.75,1.0,121.19,1.0,120.45,1.0,121.2,2.0,120.2,1.0,121.25,5.0,119.98,5.0,121.7,1.0,119.34,1.0,121.75,3.0,117.4,5.0,121.78,5.0,108.0,1.0,121.9,1.0,52.0,1.0,122.0,1.0,48.0,3.0,122.15,1.0
312,Germany_Baseload#19#0#10000106,2021-10-27 07:54:32.641000,123.65,2.0,121.0,1.0,120.45,1.0,121.19,1.0,120.2,1.0,121.2,2.0,119.98,5.0,121.25,5.0,119.34,1.0,121.7,1.0,117.4,5.0,121.75,3.0,108.0,1.0,121.78,5.0,52.0,1.0,121.9,1.0,48.0,3.0,122.0,1.0,,,122.15,1.0
313,Germany_Baseload#19#0#10000106,2021-10-27 07:54:32.910000,123.65,2.0,121.0,1.0,120.45,1.0,121.19,1.0,120.2,1.0,121.2,2.0,119.83,5.0,121.25,5.0,119.34,1.0,121.63,5.0,117.4,5.0,121.7,1.0,108.0,1.0,121.75,3.0,52.0,1.0,121.9,1.0,48.0,3.0,122.0,1.0,,,122.15,1.0
314,Germany_Baseload#19#0#10000106,2021-10-27 07:54:41.224000,123.65,2.0,121.0,1.0,120.45,1.0,121.15,1.0,120.2,1.0,121.2,2.0,119.83,5.0,121.25,5.0,119.34,1.0,121.63,5.0,117.4,5.0,121.7,1.0,108.0,1.0,121.75,3.0,52.0,1.0,121.9,1.0,48.0,3.0,122.0,1.0,,,122.15,1.0
315,Germany_Baseload#19#0#10000106,2021-10-27 07:54:43.828000,123.65,2.0,121.0,1.0,120.2,1.0,121.15,1.0,119.95,1.0,121.2,2.0,119.83,5.0,121.25,5.0,119.34,1.0,121.63,5.0,117.4,5.0,121.7,1.0,108.0,1.0,121.75,3.0,52.0,1.0,121.9,1.0,48.0,3.0,122.0,1.0,,,122.15,1.0
316,Germany_Baseload#19#0#10000106,2021-10-27 07:54:43.844000,123.65,2.0,121.0,1.0,120.2,1.0,121.15,1.0,119.95,1.0,121.2,2.0,119.7,5.0,121.25,5.0,119.34,1.0,121.5,5.0,117.4,5.0,121.7,1.0,108.0,1.0,121.75,3.0,52.0,1.0,121.9,1.0,48.0,3.0,122.0,1.0,,,122.15,1.0
317,Germany_Baseload#19#0#10000106,2021-10-27 07:54:43.926000,123.65,2.0,121.0,1.0,120.38,2.0,121.15,1.0,120.2,1.0,121.2,2.0,119.95,1.0,121.25,5.0,119.7,5.0,121.5,5.0,119.34,1.0,121.7,1.0,117.4,5.0,121.75,3.0,108.0,1.0,121.9,1.0,52.0,1.0,122.0,1.0,48.0,3.0,122.15,1.0
318,Germany_Baseload#19#0#10000106,2021-10-27 07:54:43.937000,123.65,2.0,121.0,1.0,120.38,2.0,121.15,1.0,120.2,1.0,121.2,2.0,119.95,1.0,121.25,5.0,119.79,5.0,121.5,5.0,119.7,5.0,121.7,1.0,119.34,1.0,121.75,3.0,117.4,5.0,121.9,1.0,108.0,1.0,122.0,1.0,52.0,1.0,122.15,1.0
319,Germany_Baseload#19#0#10000106,2021-10-27 07:54:43.938000,123.65,2.0,121.0,1.0,120.38,2.0,121.15,1.0,120.2,1.0,121.2,2.0,119.95,1.0,121.25,5.0,119.79,5.0,121.59,5.0,119.34,1.0,121.7,1.0,117.4,5.0,121.75,3.0,108.0,1.0,121.9,1.0,52.0,1.0,122.0,1.0,48.0,3.0,122.15,1.0
320,Germany_Baseload#19#0#10000106,2021-10-27 07:54:45.886000,123.65,2.0,121.0,1.0,120.38,2.0,121.15,1.0,120.2,1.0,121.2,2.0,119.95,1.0,121.25,5.0,119.79,5.0,121.59,5.0,119.34,1.0,121.7,1.0,117.4,5.0,121.75,3.0,108.0,1.0,121.9,1.0,52.0,1.0,122.0,1.0,48.0,3.0,122.15,1.0
321,Germany_Baseload#19#0#10000106,2021-10-27 07:54:58.272000,123.65,2.0,121.0,1.0,120.38,2.0,121.15,1.0,120.2,1.0,121.2,2.0,120.0,1.0,121.25,5.0,119.95,1.0,121.59,5.0,119.79,5.0,121.7,1.0,119.34,1.0,121.75,3.0,117.4,5.0,121.9,1.0,108.0,1.0,122.0,1.0,52.0,1.0,122.15,1.0
322,Germany_Baseload#19#0#10000106,2021-10-27 07:55:01.947000,123.65,2.0,121.0,1.0,120.38,2.0,121.15,1.0,120.2,1.0,121.2,2.0,120.0,1.0,121.25,5.0,119.95,1.0,121.59,5.0,119.79,5.0,121.7,1.0,119.34,1.0,121.75,3.0,117.4,5.0,121.9,1.0,108.0,1.0,122.0,1.0,52.0,1.0,122.15,1.0
323,Germany_Baseload#19#0#10000106,2021-10-27 07:55:05.977000,123.65,2.0,121.0,1.0,120.5,2.0,121.15,1.0,120.38,2.0,121.2,2.0,120.2,1.0,121.25,5.0,120.0,1.0,121.59,5.0,119.95,1.0,121.7,1.0,119.79,5.0,121.75,3.0,119.34,1.0,121.9,1.0,117.4,5.0,122.0,1.0,108.0,1.0,122.15,1.0
324,Germany_Baseload#19#0#10000106,2021-10-27 07:55:06.026000,123.65,2.0,121.0,1.0,120.5,3.0,121.15,1.0,120.38,2.0,121.2,2.0,120.2,1.0,121.25,5.0,120.0,1.0,121.59,5.0,119.95,1.0,121.7,1.0,119.79,5.0,121.75,3.0,119.34,1.0,121.9,1.0,117.4,5.0,122.0,1.0,108.0,1.0,122.15,1.0
325,Germany_Baseload#19#0#10000106,2021-10-27 07:55:06.248000,123.65,2.0,121.0,1.0,120.5,3.0,121.15,1.0,120.38,2.0,121.2,2.0,120.2,1.0,121.25,5.0,120.0,1.0,121.65,5.0,119.95,1.0,121.7,1.0,119.85,5.0,121.75,3.0,119.34,1.0,121.9,1.0,117.4,5.0,122.0,1.0,108.0,1.0,122.15,1.0
326,Germany_Baseload#19#0#10000106,2021-10-27 07:55:18.368000,123.65,2.0,121.0,1.0,120.5,3.0,121.15,1.0,120.38,2.0,121.2,2.0,120.2,1.0,121.25,5.0,120.0,1.0,121.65,5.0,119.95,1.0,121.7,1.0,119.85,5.0,121.75,3.0,119.34,1.0,121.9,1.0,117.4,5.0,122.15,1.0,108.0,1.0,122.25,1.0
327,Germany_Baseload#19#0#10000106,2021-10-27 07:55:20.900000,123.65,2.0,121.0,1.0,120.5,3.0,121.15,1.0,120.35,2.0,121.2,2.0,120.2,1.0,121.25,5.0,120.0,1.0,121.65,5.0,119.95,1.0,121.7,1.0,119.85,5.0,121.75,3.0,119.34,1.0,121.9,1.0,117.4,5.0,122.15,1.0,108.0,1.0,122.25,1.0
328,Germany_Baseload#19#0#10000106,2021-10-27 07:55:48.924000,123.65,2.0,121.0,1.0,120.5,1.0,121.15,1.0,120.35,2.0,121.2,2.0,120.2,1.0,121.25,5.0,120.0,1.0,121.65,5.0,119.95,1.0,121.7,1.0,119.85,5.0,121.75,3.0,119.34,1.0,121.9,1.0,117.4,5.0,122.15,1.0,108.0,1.0,122.25,1.0
329,Germany_Baseload#19#0#10000106,2021-10-27 07:56:03.792000,123.65,2.0,121.0,1.0,120.55,1.0,121.15,1.0,120.5,1.0,121.2,2.0,120.35,2.0,121.25,5.0,120.2,1.0,121.65,5.0,120.0,1.0,121.7,1.0,119.95,1.0,121.75,3.0,119.85,5.0,121.9,1.0,119.34,1.0,122.15,1.0,117.4,5.0,122.25,1.0
330,Germany_Baseload#19#0#10000106,2021-10-27 07:56:03.808000,123.65,2.0,121.0,1.0,120.55,1.0,121.15,1.0,120.5,1.0,121.2,2.0,120.35,2.0,121.25,5.0,120.2,1.0,121.65,5.0,120.0,1.0,121.7,1.0,119.95,1.0,121.75,3.0,119.85,5.0,121.9,1.0,119.34,1.0,122.15,1.0,117.4,5.0,122.25,1.0
331,Germany_Baseload#19#0#10000106,2021-10-27 07:56:03.834000,123.65,2.0,121.0,1.0,120.55,2.0,121.15,1.0,120.5,1.0,121.2,2.0,120.35,2.0,121.25,5.0,120.2,1.0,121.65,5.0,120.0,1.0,121.7,1.0,119.95,1.0,121.75,3.0,119.85,5.0,121.9,1.0,119.34,1.0,122.15,1.0,117.4,5.0,122.25,1.0
332,Germany_Baseload#19#0#10000106,2021-10-27 07:56:03.960000,123.65,2.0,121.0,1.0,120.55,2.0,121.15,1.0,120.5,1.0,121.2,2.0,120.35,2.0,121.25,5.0,120.2,1.0,121.65,5.0,120.0,1.0,121.7,1.0,119.95,1.0,121.75,3.0,119.88,5.0,121.9,1.0,119.85,5.0,122.15,1.0,119.34,1.0,122.25,1.0
333,Germany_Baseload#19#0#10000106,2021-10-27 07:56:03.961000,123.65,2.0,121.0,2.0,120.55,2.0,121.15,1.0,120.5,1.0,121.2,2.0,120.35,2.0,121.25,5.0,120.2,1.0,121.68,5.0,120.0,1.0,121.7,1.0,119.95,1.0,121.75,3.0,119.88,5.0,121.9,1.0,119.34,1.0,122.15,1.0,117.4,5.0,122.25,1.0
334,Germany_Baseload#19#0#10000106,2021-10-27 07:56:26.188000,123.65,2.0,121.0,2.0,120.55,2.0,121.15,1.0,120.5,1.0,121.2,2.0,120.35,2.0,121.25,5.0,120.2,1.0,121.68,5.0,120.0,1.0,121.7,1.0,119.95,1.0,121.75,3.0,119.88,5.0,121.9,1.0,119.34,1.0,122.15,1.0,117.4,5.0,122.25,1.0
335,Germany_Baseload#19#0#10000106,2021-10-27 07:56:30.740000,123.65,2.0,121.0,2.0,120.6,1.0,121.15,1.0,120.55,1.0,121.2,2.0,120.5,1.0,121.25,5.0,120.35,2.0,121.68,5.0,120.2,1.0,121.7,1.0,120.0,1.0,121.75,3.0,119.95,1.0,121.9,1.0,119.88,5.0,122.15,1.0,119.34,1.0,122.25,1.0
336,Germany_Baseload#19#0#10000106,2021-10-27 07:56:30.765000,123.65,2.0,121.0,2.0,120.6,1.0,121.15,1.0,120.5,1.0,121.2,2.0,120.35,2.0,121.25,5.0,120.2,1.0,121.68,5.0,120.0,1.0,121.7,1.0,119.95,1.0,121.75,3.0,119.88,5.0,121.9,1.0,119.34,1.0,122.15,1.0,117.4,5.0,122.25,1.0
337,Germany_Baseload#19#0#10000106,2021-10-27 07:56:30.783000,123.65,2.0,121.0,2.0,120.6,2.0,121.15,1.0,120.5,1.0,121.2,2.0,120.35,2.0,121.25,5.0,120.2,1.0,121.68,5.0,120.0,1.0,121.7,1.0,119.95,1.0,121.75,3.0,119.88,5.0,121.9,1.0,119.34,1.0,122.15,1.0,117.4,5.0,122.25,1.0
338,Germany_Baseload#19#0#10000106,2021-10-27 07:56:30.908000,123.65,2.0,121.0,2.0,120.6,2.0,121.15,1.0,120.5,1.0,121.2,2.0,120.35,2.0,121.25,5.0,120.2,1.0,121.68,5.0,120.0,1.0,121.7,1.0,119.95,1.0,121.75,3.0,119.9,5.0,121.9,1.0,119.88,5.0,122.15,1.0,119.34,1.0,122.25,1.0
339,Germany_Baseload#19#0#10000106,2021-10-27 07:56:30.909000,123.65,2.0,121.0,2.0,120.6,2.0,121.15,1.0,120.5,2.0,121.2,2.0,120.35,2.0,121.25,5.0,120.2,1.0,121.7,6.0,120.0,1.0,121.75,3.0,119.95,1.0,121.9,1.0,119.9,5.0,122.15,1.0,119.34,1.0,122.25,1.0,117.4,5.0,123.0,1.0
340,Germany_Baseload#19#0#10000106,2021-10-27 07:56:37.984000,123.65,2.0,121.0,2.0,120.6,2.0,121.15,1.0,120.5,2.0,121.2,2.0,120.4,1.0,121.25,5.0,120.35,2.0,121.7,6.0,120.2,1.0,121.75,3.0,120.0,1.0,121.9,1.0,119.95,1.0,122.15,1.0,119.9,5.0,122.25,1.0,119.34,1.0,123.0,1.0
341,Germany_Baseload#19#0#10000106,2021-10-27 07:56:44.879000,123.65,2.0,121.0,2.0,120.6,2.0,121.15,1.0,120.5,2.0,121.2,2.0,120.4,1.0,121.25,5.0,120.35,2.0,121.7,6.0,120.2,1.0,121.75,3.0,120.0,1.0,121.9,1.0,119.95,1.0,122.15,1.0,119.9,5.0,122.25,1.0,119.34,1.0,123.0,1.0
342,Germany_Baseload#19#0#10000106,2021-10-27 07:57:00.023000,123.65,2.0,121.0,2.0,120.6,2.0,121.2,2.0,120.5,2.0,121.25,5.0,120.4,1.0,121.7,6.0,120.35,2.0,121.75,3.0,120.2,1.0,121.9,1.0,120.0,1.0,122.15,1.0,119.95,1.0,122.25,1.0,119.9,5.0,123.0,1.0,119.34,1.0,124.0,1.0
343,Germany_Baseload#19#0#10000106,2021-10-27 07:57:00.118000,123.65,2.0,121.0,2.0,120.6,2.0,121.15,1.0,120.5,2.0,121.2,2.0,120.4,1.0,121.25,5.0,120.35,2.0,121.7,6.0,120.2,1.0,121.75,3.0,120.0,1.0,121.9,1.0,119.95,1.0,122.15,1.0,119.9,5.0,122.25,1.0,119.34,1.0,123.0,1.0
344,Germany_Baseload#19#0#10000106,2021-10-27 07:57:02.239000,123.65,2.0,121.0,2.0,120.75,1.0,121.15,1.0,120.6,1.0,121.2,2.0,120.5,2.0,121.25,5.0,120.4,1.0,121.7,6.0,120.35,2.0,121.75,3.0,120.2,1.0,121.9,1.0,120.0,1.0,122.15,1.0,119.95,1.0,122.25,1.0,119.9,5.0,123.0,1.0
345,Germany_Baseload#19#0#10000106,2021-10-27 07:57:02.255000,123.65,2.0,121.0,2.0,120.75,1.0,121.15,1.0,120.5,2.0,121.2,2.0,120.4,1.0,121.25,5.0,120.35,2.0,121.7,6.0,120.2,1.0,121.75,3.0,120.0,1.0,121.9,1.0,119.95,1.0,122.15,1.0,119.9,5.0,122.25,1.0,119.34,1.0,123.0,1.0
346,Germany_Baseload#19#0#10000106,2021-10-27 07:57:02.274000,123.65,2.0,121.0,2.0,120.75,2.0,121.15,1.0,120.5,2.0,121.2,2.0,120.4,1.0,121.25,5.0,120.35,2.0,121.7,6.0,120.2,1.0,121.75,3.0,120.0,1.0,121.9,1.0,119.95,1.0,122.15,1.0,119.9,5.0,122.25,1.0,119.34,1.0,123.0,1.0
347,Germany_Baseload#19#0#10000106,2021-10-27 07:57:02.430000,123.65,2.0,121.0,2.0,120.75,2.0,121.15,1.0,120.5,2.0,121.2,2.0,120.4,1.0,121.25,5.0,120.35,2.0,121.7,1.0,120.2,1.0,121.75,3.0,120.0,1.0,121.78,5.0,119.98,5.0,121.9,1.0,119.95,1.0,122.15,1.0,119.34,1.0,122.25,1.0
348,Germany_Baseload#19#0#10000106,2021-10-27 07:57:02.455000,123.65,2.0,121.0,2.0,120.75,2.0,121.15,1.0,120.5,2.0,121.2,2.0,120.4,1.0,121.25,5.0,120.35,2.0,121.7,1.0,120.2,1.0,121.75,3.0,120.0,1.0,121.78,5.0,119.98,5.0,121.9,1.0,119.95,1.0,122.15,1.0,119.34,1.0,122.25,1.0
349,Germany_Baseload#19#0#10000106,2021-10-27 07:57:02.456000,123.65,2.0,121.0,2.0,120.75,2.0,121.15,1.0,120.5,2.0,121.2,2.0,120.4,1.0,121.25,5.0,120.35,2.0,121.7,1.0,120.2,1.0,121.75,3.0,120.0,1.0,121.78,5.0,119.98,5.0,121.9,1.0,119.34,1.0,122.15,1.0,117.4,5.0,122.25,1.0
350,Germany_Baseload#19#0#10000106,2021-10-27 07:57:04.733000,123.65,2.0,121.0,1.0,120.75,2.0,121.15,1.0,120.5,2.0,121.2,2.0,120.4,1.0,121.25,5.0,120.35,2.0,121.7,1.0,120.2,1.0,121.75,3.0,120.0,1.0,121.78,5.0,119.98,5.0,121.9,1.0,119.34,1.0,122.15,1.0,117.4,5.0,122.25,1.0
351,Germany_Baseload#19#0#10000106,2021-10-27 07:57:05.494000,123.65,2.0,121.0,1.0,120.75,1.0,121.15,1.0,120.7,1.0,121.2,2.0,120.5,2.0,121.25,5.0,120.4,1.0,121.7,1.0,120.35,2.0,121.75,3.0,120.2,1.0,121.78,5.0,120.0,1.0,121.9,1.0,119.98,5.0,122.15,1.0,119.34,1.0,122.25,1.0
352,Germany_Baseload#19#0#10000106,2021-10-27 07:57:05.516000,123.65,2.0,121.0,1.0,120.7,1.0,121.15,1.0,120.5,2.0,121.2,2.0,120.4,1.0,121.25,5.0,120.35,2.0,121.7,1.0,120.2,1.0,121.75,3.0,120.0,1.0,121.78,5.0,119.98,5.0,121.9,1.0,119.34,1.0,122.15,1.0,117.4,5.0,122.25,1.0
353,Germany_Baseload#19#0#10000106,2021-10-27 07:57:05.533000,123.65,2.0,121.0,1.0,120.7,2.0,121.15,1.0,120.5,2.0,121.2,2.0,120.4,1.0,121.25,5.0,120.35,2.0,121.7,1.0,120.2,1.0,121.75,3.0,120.0,1.0,121.78,5.0,119.98,5.0,121.9,1.0,119.34,1.0,122.15,1.0,117.4,5.0,122.25,1.0
354,Germany_Baseload#19#0#10000106,2021-10-27 07:57:05.683000,123.65,2.0,121.0,1.0,120.7,2.0,121.15,1.0,120.5,2.0,121.2,2.0,120.4,1.0,121.25,5.0,120.35,2.0,121.65,5.0,120.2,1.0,121.7,1.0,120.0,1.0,121.75,3.0,119.85,5.0,121.9,1.0,119.34,1.0,122.15,1.0,117.4,5.0,122.25,1.0
355,Germany_Baseload#19#0#10000106,2021-10-27 07:57:05.704000,123.65,2.0,121.0,1.0,120.7,2.0,121.15,1.0,120.5,2.0,121.2,2.0,120.4,1.0,121.25,5.0,120.35,2.0,121.7,1.0,120.2,1.0,121.75,7.0,120.0,1.0,121.9,1.0,119.95,5.0,122.15,1.0,119.34,1.0,122.25,1.0,117.4,5.0,123.0,1.0
356,Germany_Baseload#19#0#10000106,2021-10-27 07:57:05.707000,123.65,2.0,121.0,1.0,120.7,2.0,121.15,1.0,120.5,2.0,121.2,2.0,120.4,1.0,121.25,5.0,120.35,2.0,121.7,1.0,120.2,1.0,121.75,7.0,120.0,1.0,121.9,1.0,119.95,6.0,122.15,1.0,119.34,1.0,122.25,1.0,117.4,5.0,123.0,1.0
357,Germany_Baseload#19#0#10000106,2021-10-27 07:57:08.431000,123.65,2.0,121.0,1.0,120.7,1.0,121.15,1.0,120.5,2.0,121.2,2.0,120.4,1.0,121.25,5.0,120.35,2.0,121.7,1.0,120.2,1.0,121.75,7.0,120.0,1.0,121.9,1.0,119.95,6.0,122.15,1.0,119.34,1.0,122.25,1.0,117.4,5.0,123.0,1.0
358,Germany_Baseload#19#0#10000106,2021-10-27 07:57:08.465000,123.65,2.0,121.0,1.0,120.5,2.0,121.15,1.0,120.4,1.0,121.2,2.0,120.35,2.0,121.25,5.0,120.2,1.0,121.7,1.0,120.0,1.0,121.75,7.0,119.95,6.0,121.9,1.0,119.34,1.0,122.15,1.0,117.4,5.0,122.25,1.0,108.0,1.0,123.0,1.0
359,Germany_Baseload#19#0#10000106,2021-10-27 07:57:08.699000,123.65,2.0,121.0,1.0,120.5,2.0,121.15,1.0,120.4,1.0,121.2,2.0,120.35,2.0,121.25,5.0,120.2,1.0,121.65,5.0,120.0,1.0,121.7,1.0,119.95,1.0,121.75,2.0,119.85,5.0,121.9,1.0,119.34,1.0,122.15,1.0,117.4,5.0,122.25,1.0
360,Germany_Baseload#19#0#10000106,2021-10-27 07:57:09.356000,123.65,2.0,121.0,1.0,120.5,2.0,121.2,2.0,120.4,1.0,121.25,5.0,120.35,2.0,121.65,5.0,120.2,1.0,121.7,1.0,120.0,1.0,121.75,2.0,119.95,1.0,121.9,1.0,119.85,5.0,122.15,1.0,119.34,1.0,122.25,1.0,117.4,5.0,123.0,1.0
361,Germany_Baseload#19#0#10000106,2021-10-27 07:57:09.476000,123.65,2.0,121.0,1.0,120.5,2.0,121.15,1.0,120.4,1.0,121.2,2.0,120.35,2.0,121.25,5.0,120.2,1.0,121.65,5.0,120.0,1.0,121.7,1.0,119.95,1.0,121.75,2.0,119.85,5.0,121.9,1.0,119.34,1.0,122.15,1.0,117.4,5.0,122.25,1.0
362,Germany_Baseload#19#0#10000106,2021-10-27 07:57:11.932000,123.65,2.0,121.0,1.0,120.5,2.0,121.15,1.0,120.35,2.0,121.2,2.0,120.2,1.0,121.25,5.0,120.0,1.0,121.65,5.0,119.95,1.0,121.7,1.0,119.85,5.0,121.75,2.0,119.34,1.0,121.9,1.0,117.4,5.0,122.15,1.0,108.0,1.0,122.25,1.0
363,Germany_Baseload#19#0#10000106,2021-10-27 07:57:12.935000,123.65,2.0,121.0,1.0,120.5,1.0,121.15,1.0,120.35,2.0,121.2,2.0,120.2,1.0,121.25,5.0,120.0,1.0,121.65,5.0,119.95,1.0,121.7,1.0,119.85,5.0,121.75,2.0,119.34,1.0,121.9,1.0,117.4,5.0,122.15,1.0,108.0,1.0,122.25,1.0
364,Germany_Baseload#19#0#10000106,2021-10-27 07:57:13.034000,123.65,2.0,121.0,1.0,120.5,1.0,121.15,1.0,120.2,1.0,121.2,2.0,120.0,1.0,121.25,5.0,119.95,3.0,121.65,5.0,119.85,5.0,121.7,1.0,119.34,1.0,121.75,2.0,117.4,5.0,121.9,1.0,108.0,1.0,122.15,1.0,52.0,1.0,122.25,1.0
365,Germany_Baseload#19#0#10000106,2021-10-27 07:57:15.197000,123.65,2.0,121.0,1.0,120.5,1.0,121.15,1.0,120.2,1.0,121.2,2.0,120.0,1.0,121.25,5.0,119.95,1.0,121.65,5.0,119.85,5.0,121.7,1.0,119.34,1.0,121.75,2.0,117.4,5.0,121.9,1.0,108.0,1.0,122.15,1.0,52.0,1.0,122.25,1.0
366,Germany_Baseload#19#0#10000106,2021-10-27 07:57:16.156000,123.65,2.0,121.0,1.0,120.5,1.0,121.15,1.0,120.2,1.0,121.2,2.0,120.0,1.0,121.25,5.0,119.95,1.0,121.65,5.0,119.85,5.0,121.7,1.0,119.34,1.0,121.75,2.0,117.4,5.0,121.9,1.0,108.0,1.0,122.15,1.0,52.0,1.0,122.25,1.0
367,Germany_Baseload#19#0#10000106,2021-10-27 07:57:19.061000,123.65,2.0,121.0,1.0,120.5,1.0,121.15,1.0,120.2,1.0,121.2,2.0,120.0,1.0,121.25,5.0,119.95,1.0,121.65,5.0,119.85,5.0,121.7,1.0,119.34,1.0,121.75,2.0,117.4,5.0,121.9,1.0,108.0,1.0,122.15,1.0,52.0,1.0,122.25,1.0
368,Germany_Baseload#19#0#10000106,2021-10-27 07:57:22.872000,123.65,2.0,121.0,1.0,120.5,1.0,121.15,1.0,120.2,1.0,121.2,2.0,120.0,1.0,121.25,5.0,119.95,1.0,121.65,5.0,119.85,5.0,121.7,1.0,119.34,1.0,121.75,2.0,117.4,5.0,121.9,1.0,108.0,1.0,122.15,1.0,52.0,1.0,122.25,1.0
369,Germany_Baseload#19#0#10000106,2021-10-27 07:57:23.051000,123.65,2.0,120.5,1.0,120.5,1.0,121.0,1.0,120.2,1.0,121.15,1.0,120.0,1.0,121.2,2.0,119.95,1.0,121.25,5.0,119.85,5.0,121.65,5.0,119.34,1.0,121.7,1.0,117.4,5.0,121.75,2.0,108.0,1.0,121.9,1.0,52.0,1.0,122.15,1.0
370,Germany_Baseload#19#0#10000106,2021-10-27 07:57:23.310000,123.65,2.0,120.5,1.0,120.5,1.0,121.0,1.0,120.2,1.0,121.15,1.0,120.0,1.0,121.2,2.0,119.95,1.0,121.25,5.0,119.6,5.0,121.65,5.0,119.34,1.0,121.7,1.0,117.4,5.0,121.75,2.0,108.0,1.0,121.9,1.0,52.0,1.0,122.15,1.0
371,Germany_Baseload#19#0#10000106,2021-10-27 07:57:23.311000,123.65,2.0,120.5,1.0,120.5,1.0,121.0,1.0,120.2,1.0,121.15,1.0,120.0,1.0,121.2,2.0,119.95,1.0,121.25,5.0,119.6,5.0,121.4,5.0,119.34,1.0,121.7,1.0,117.4,5.0,121.75,2.0,108.0,1.0,121.9,1.0,52.0,1.0,122.15,1.0
372,Germany_Baseload#19#0#10000106,2021-10-27 07:57:23.446000,123.65,2.0,120.5,1.0,120.5,1.0,120.95,1.0,120.2,1.0,121.0,1.0,120.0,1.0,121.2,2.0,119.95,1.0,121.25,5.0,119.6,5.0,121.4,5.0,119.34,1.0,121.7,1.0,117.4,5.0,121.75,2.0,108.0,1.0,121.9,1.0,52.0,1.0,122.15,1.0
373,Germany_Baseload#19#0#10000106,2021-10-27 07:57:25.364000,123.65,2.0,120.5,1.0,120.5,1.0,120.95,1.0,120.2,1.0,121.0,1.0,120.0,1.0,121.2,2.0,119.95,1.0,121.25,5.0,119.6,5.0,121.4,5.0,119.34,1.0,121.7,1.0,117.4,5.0,121.75,2.0,108.0,1.0,121.9,1.0,52.0,1.0,122.15,1.0
374,Germany_Baseload#19#0#10000106,2021-10-27 07:57:25.898000,123.65,2.0,120.5,1.0,120.5,1.0,120.95,1.0,120.2,1.0,121.0,2.0,120.0,1.0,121.2,2.0,119.95,1.0,121.25,5.0,119.6,5.0,121.4,5.0,119.34,1.0,121.7,1.0,117.4,5.0,121.75,2.0,108.0,1.0,121.9,1.0,52.0,1.0,122.15,1.0
375,Germany_Baseload#19#0#10000106,2021-10-27 07:57:25.899000,123.65,2.0,120.5,1.0,120.5,1.0,121.0,2.0,120.2,1.0,121.2,2.0,120.0,1.0,121.25,5.0,119.95,1.0,121.4,5.0,119.6,5.0,121.7,1.0,119.34,1.0,121.75,2.0,117.4,5.0,121.9,1.0,108.0,1.0,122.15,1.0,52.0,1.0,122.25,1.0
