,key,Datetime,BidPrice_0,BidVolume_0,AskPrice_0,AskVolume_0,BidPrice_1,BidVolume_1,AskPrice_1,AskVolume_1,BidPrice_2,BidVolume_2,AskPrice_2,AskVolume_2,BidPrice_3,BidVolume_3,AskPrice_3,AskVolume_3,BidPrice_4,BidVolume_4,AskPrice_4,AskVolume_4,BidPrice_5,BidVolume_5,AskPrice_5,AskVolume_5,BidPrice_6,BidVolume_6,AskPrice_6,AskVolume_6,BidPrice_7,BidVolume_7,AskPrice_7,AskVolume_7,BidPrice_8,BidVolume_8,AskPrice_8,AskVolume_8,BidPrice_9,BidVolume_9,AskPrice_9,AskVolume_9
0,Germany_Baseload#19#0#10000106,2021-10-20 05:59:17.113000,,,126.0,1.0,,,,,,,,,,,,,,,,,,,,,,,,,,,,,,,,,,,,
1,Germany_Baseload#19#0#10000106,2021-10-20 06:00:27.227000,,,,,,,,,,,,,,,,,,,,,,,,,,,,,,,,,,,,,,,,
2,Germany_Baseload#19#0#10000106,2021-10-20 06:01:05.050000,52.0,1.0,,,48.0,3.0,,,,,,,,,,,,,,,,,,,,,,,,,,,,,,,,,,
3,Germany_Baseload#19#0#10000106,2021-10-20 06:01:05.051000,52.0,1.0,126.95,1.0,48.0,3.0,132.0,1.0,,,,,,,,,,,,,,,,,,,,,,,,,,,,,,,,
4,Germany_Baseload#19#0#10000106,2021-10-20 06:02:33.682000,52.0,1.0,126.95,1.0,48.0,3.0,,,,,,,,,,,,,,,,,,,,,,,,,,,,,,,,,,
5,Germany_Baseload#19#0#10000106,2021-10-20 06:02:52.633000,120.0,1.0,126.95,1.0,52.0,1.0,,,48.0,3.0,,,,,,,,,,,,,,,,,,,,,,,,,,,,,,
6,Germany_Baseload#19#0#10000106,2021-10-20 06:03:06.602000,118.0,1.0,126.95,1.0,52.0,1.0,,,48.0,3.0,,,,,,,,,,,,,,,,,,,,,,,,,,,,,,
7,Germany_Baseload#19#0#10000106,2021-10-20 06:05:05.851000,120.0,1.0,126.95,1.0,118.0,1.0,,,52.0,1.0,,,48.0,3.0,,,,,,,,,,,,,,,,,,,,,,,,,,
8,Germany_Baseload#19#0#10000106,2021-10-20 06:08:31.977000,120.0,1.0,126.95,1.0,118.0,1.0,,,103.0,1.0,,,52.0,1.0,,,48.0,3.0,,,,,,,,,,,,,,,,,,,,,,
9,Germany_Baseload#19#0#10000106,2021-10-20 06:08:38.753000,121.0,1.0,126.95,1.0,120.0,1.0,,,118.0,1.0,,,103.0,1.0,,,52.0,1.0,,,48.0,3.0,,,,,,,,,,,,,,,,,,
10,Germany_Baseload#19#0#10000106,2021-10-20 06:09:54.818000,122.0,2.0,126.95,1.0,121.0,1.0,,,120.0,1.0,,,118.0,1.0,,,103.0,1.0,,,52.0,1.0,,,48.0,3.0,,,,,,,,,,,,,,
11,Germany_Baseload#19#0#10000106,2021-10-20 06:11:04.923000,122.0,2.0,125.0,1.0,121.0,1.0,126.95,1.0,120.0,1.0,,,118.0,1.0,,,103.0,1.0,,,52.0,1.0,,,48.0,3.0,,,,,,,,,,,,,,
12,Germany_Baseload#19#0#10000106,2021-10-20 06:12:33.708000,122.25,1.0,125.0,1.0,122.0,2.0,126.95,1.0,121.0,1.0,,,118.0,1.0,,,103.0,1.0,,,52.0,1.0,,,48.0,3.0,,,,,,,,,,,,,,
13,Germany_Baseload#19#0#10000106,2021-10-20 06:16:18.000000,122.25,1.0,125.0,1.0,122.0,2.0,126.95,1.0,121.0,1.0,,,118.0,1.0,,,103.0,1.0,,,52.0,1.0,,,48.0,3.0,,,,,,,,,,,,,,
14,Germany_Baseload#19#0#10000106,2021-10-20 06:17:04.322000,122.5,1.0,125.0,1.0,122.25,1.0,126.95,1.0,122.0,2.0,,,121.0,1.0,,,118.0,1.0,,,103.0,1.0,,,52.0,1.0,,,48.0,3.0,,,,,,,,,,
15,Germany_Baseload#19#0#10000106,2021-10-20 06:21:27.205000,122.5,1.0,125.0,1.0,122.25,1.0,126.0,1.0,122.0,2.0,126.95,1.0,121.0,1.0,,,118.0,1.0,,,103.0,1.0,,,52.0,1.0,,,48.0,3.0,,,,,,,,,,
16,Germany_Baseload#19#0#10000106,2021-10-20 06:21:49.658000,123.0,1.0,125.0,1.0,122.5,1.0,126.0,1.0,122.0,2.0,126.95,1.0,121.0,1.0,,,118.0,1.0,,,103.0,1.0,,,52.0,1.0,,,48.0,3.0,,,,,,,,,,
17,Germany_Baseload#19#0#10000106,2021-10-20 06:22:07.705000,123.0,1.0,125.0,1.0,122.5,1.0,126.0,1.0,122.0,2.0,126.95,1.0,121.0,1.0,,,120.0,1.0,,,103.0,1.0,,,52.0,1.0,,,48.0,3.0,,,,,,,,,,
18,Germany_Baseload#19#0#10000106,2021-10-20 06:22:21.077000,123.0,1.0,125.0,1.0,122.5,1.0,126.0,1.0,121.0,1.0,126.95,1.0,120.0,1.0,,,103.0,1.0,,,52.0,1.0,,,48.0,3.0,,,,,,,,,,,,,,
19,Germany_Baseload#19#0#10000106,2021-10-20 06:22:21.078000,123.0,1.0,125.0,1.0,122.5,1.0,126.0,1.0,121.0,1.0,126.95,1.0,120.0,1.0,,,118.25,1.0,,,103.0,1.0,,,52.0,1.0,,,48.0,3.0,,,,,,,,,,
20,Germany_Baseload#19#0#10000106,2021-10-20 06:22:49.892000,122.5,1.0,125.0,1.0,121.0,1.0,126.0,1.0,120.0,1.0,126.95,1.0,118.25,1.0,,,103.0,1.0,,,52.0,1.0,,,48.0,3.0,,,,,,,,,,,,,,
21,Germany_Baseload#19#0#10000106,2021-10-20 06:22:49.923000,122.75,1.0,125.0,1.0,122.5,1.0,126.0,1.0,121.0,1.0,126.95,1.0,120.0,1.0,,,118.25,1.0,,,103.0,1.0,,,52.0,1.0,,,48.0,3.0,,,,,,,,,,
22,Germany_Baseload#19#0#10000106,2021-10-20 06:24:06.326000,122.75,1.0,125.0,1.0,122.5,1.0,126.0,1.0,120.0,1.0,126.95,1.0,118.25,1.0,,,103.0,1.0,,,52.0,1.0,,,48.0,3.0,,,,,,,,,,,,,,
23,Germany_Baseload#19#0#10000106,2021-10-20 06:24:26.374000,122.75,1.0,125.0,1.0,122.5,1.0,126.0,1.0,120.0,1.0,126.95,1.0,118.25,1.0,,,52.0,1.0,,,48.0,3.0,,,,,,,,,,,,,,,,,,
24,Germany_Baseload#19#0#10000106,2021-10-20 06:26:17.034000,122.75,1.0,125.0,1.0,122.5,1.0,126.0,1.0,120.5,1.0,126.95,1.0,120.0,1.0,,,118.25,1.0,,,52.0,1.0,,,48.0,3.0,,,,,,,,,,,,,,
25,Germany_Baseload#19#0#10000106,2021-10-20 06:26:17.035000,122.75,1.0,125.0,1.0,122.5,1.0,126.0,1.0,120.5,1.0,126.95,1.0,120.0,1.0,,,52.0,1.0,,,48.0,3.0,,,,,,,,,,,,,,,,,,
26,Germany_Baseload#19#0#10000106,2021-10-20 06:26:29.438000,122.75,1.0,125.0,1.0,122.5,1.0,126.0,1.0,120.5,1.0,126.95,1.0,120.0,1.0,,,52.0,1.0,,,48.0,3.0,,,,,,,,,,,,,,,,,,
27,Germany_Baseload#19#0#10000106,2021-10-20 06:28:11.261000,122.75,1.0,125.0,1.0,122.5,1.0,126.0,1.0,120.5,1.0,126.95,1.0,120.0,1.0,139.2,5.0,52.0,1.0,,,48.0,3.0,,,,,,,,,,,,,,,,,,
28,Germany_Baseload#19#0#10000106,2021-10-20 06:28:15.721000,122.75,1.0,125.0,1.0,122.5,1.0,126.0,1.0,120.5,1.0,126.95,1.0,120.0,1.0,139.0,5.0,52.0,1.0,,,48.0,3.0,,,,,,,,,,,,,,,,,,
29,Germany_Baseload#19#0#10000106,2021-10-20 06:28:27.319000,122.75,1.0,125.0,1.0,122.5,1.0,126.0,1.0,120.5,1.0,126.95,1.0,120.0,1.0,139.2,5.0,52.0,1.0,,,48.0,3.0,,,,,,,,,,,,,,,,,,
30,Germany_Baseload#19#0#10000106,2021-10-20 06:28:57.008000,122.75,1.0,125.0,1.0,122.5,1.0,126.0,1.0,122.0,1.0,126.95,1.0,120.5,1.0,139.2,5.0,120.0,1.0,,,52.0,1.0,,,48.0,3.0,,,,,,,,,,,,,,
31,Germany_Baseload#19#0#10000106,2021-10-20 06:29:00.739000,122.75,1.0,125.0,1.0,122.5,1.0,126.0,1.0,122.0,1.0,126.95,1.0,120.5,1.0,139.4,5.0,120.0,1.0,,,52.0,1.0,,,48.0,3.0,,,,,,,,,,,,,,
32,Germany_Baseload#19#0#10000106,2021-10-20 06:29:04.825000,122.75,1.0,125.0,1.0,122.5,1.0,126.0,1.0,122.0,1.0,126.95,1.0,120.5,1.0,139.6,5.0,120.0,1.0,,,52.0,1.0,,,48.0,3.0,,,,,,,,,,,,,,
33,Germany_Baseload#19#0#10000106,2021-10-20 06:29:46.743000,122.75,1.0,125.0,1.0,122.5,1.0,126.0,1.0,122.0,1.0,126.95,1.0,120.5,1.0,139.6,5.0,120.0,1.0,,,52.0,1.0,,,48.0,3.0,,,,,,,,,,,,,,
34,Germany_Baseload#19#0#10000106,2021-10-20 06:30:00.139000,123.0,1.0,125.0,1.0,122.75,1.0,126.0,1.0,122.5,1.0,126.95,1.0,122.0,1.0,139.6,5.0,120.5,1.0,,,120.0,1.0,,,52.0,1.0,,,48.0,3.0,,,,,,,,,,
35,Germany_Baseload#19#0#10000106,2021-10-20 06:30:01.315000,123.0,1.0,125.0,1.0,122.85,1.0,126.0,1.0,122.5,1.0,126.95,1.0,122.0,1.0,139.6,5.0,120.5,1.0,,,120.0,1.0,,,52.0,1.0,,,48.0,3.0,,,,,,,,,,
36,Germany_Baseload#19#0#10000106,2021-10-20 06:30:06.803000,123.0,2.0,125.0,1.0,122.5,1.0,126.0,1.0,122.0,1.0,126.95,1.0,120.5,1.0,139.6,5.0,120.0,1.0,,,52.0,1.0,,,48.0,3.0,,,,,,,,,,,,,,
37,Germany_Baseload#19#0#10000106,2021-10-20 06:30:14.250000,123.0,2.0,125.0,1.0,122.5,1.0,126.0,1.0,122.0,1.0,126.95,1.0,120.5,1.0,139.2,5.0,120.0,1.0,,,52.0,1.0,,,48.0,3.0,,,,,,,,,,,,,,
38,Germany_Baseload#19#0#10000106,2021-10-20 06:30:30.476000,123.0,2.0,125.0,1.0,122.5,1.0,126.0,1.0,122.0,1.0,126.95,1.0,120.5,1.0,139.4,5.0,120.0,1.0,,,52.0,1.0,,,48.0,3.0,,,,,,,,,,,,,,
39,Germany_Baseload#19#0#10000106,2021-10-20 06:30:38.250000,123.0,2.0,126.0,1.0,122.5,1.0,126.95,1.0,122.0,1.0,139.4,5.0,120.5,1.0,,,120.0,1.0,,,52.0,1.0,,,48.0,3.0,,,,,,,,,,,,,,
40,Germany_Baseload#19#0#10000106,2021-10-20 06:31:10.204000,123.0,2.0,126.0,1.0,122.5,1.0,126.95,1.0,122.0,1.0,139.6,5.0,120.5,1.0,,,120.0,1.0,,,52.0,1.0,,,48.0,3.0,,,,,,,,,,,,,,
41,Germany_Baseload#19#0#10000106,2021-10-20 06:31:51.508000,123.0,2.0,126.0,1.0,122.5,1.0,126.95,1.0,122.0,1.0,139.8,5.0,120.5,1.0,,,120.0,1.0,,,52.0,1.0,,,48.0,3.0,,,,,,,,,,,,,,
42,Germany_Baseload#19#0#10000106,2021-10-20 06:31:57.467000,123.0,3.0,126.0,1.0,122.5,1.0,126.95,1.0,122.0,1.0,139.8,5.0,120.5,1.0,,,120.0,1.0,,,52.0,1.0,,,48.0,3.0,,,,,,,,,,,,,,
43,Germany_Baseload#19#0#10000106,2021-10-20 06:32:11.514000,123.0,3.0,126.0,1.0,122.5,1.0,126.95,1.0,122.0,1.0,127.0,1.0,120.5,1.0,139.8,5.0,120.0,1.0,,,52.0,1.0,,,48.0,3.0,,,,,,,,,,,,,,
44,Germany_Baseload#19#0#10000106,2021-10-20 06:32:48.293000,123.0,3.0,126.0,1.0,122.5,1.0,126.95,1.0,122.0,1.0,127.0,1.0,120.5,1.0,128.0,1.0,120.0,1.0,139.8,5.0,52.0,1.0,,,48.0,3.0,,,,,,,,,,,,,,
45,Germany_Baseload#19#0#10000106,2021-10-20 06:33:17.176000,123.0,3.0,126.0,1.0,122.5,1.0,126.95,1.0,122.0,1.0,127.0,1.0,121.0,1.0,128.0,1.0,120.5,1.0,139.8,5.0,120.0,1.0,,,52.0,1.0,,,48.0,3.0,,,,,,,,,,
46,Germany_Baseload#19#0#10000106,2021-10-20 06:34:13.652000,123.0,3.0,126.0,1.0,122.5,1.0,126.95,1.0,122.0,1.0,127.0,1.0,121.0,1.0,128.0,1.0,120.5,1.0,139.0,5.0,120.0,1.0,,,52.0,1.0,,,48.0,3.0,,,,,,,,,,
47,Germany_Baseload#19#0#10000106,2021-10-20 06:34:22.521000,123.0,3.0,126.0,1.0,122.5,1.0,126.95,1.0,122.0,1.0,127.0,1.0,121.0,1.0,128.0,1.0,120.5,1.0,139.8,5.0,120.0,1.0,,,52.0,1.0,,,48.0,3.0,,,,,,,,,,
48,Germany_Baseload#19#0#10000106,2021-10-20 06:35:03.152000,123.0,3.0,126.0,1.0,122.5,1.0,126.95,1.0,122.25,1.0,127.0,1.0,122.0,1.0,128.0,1.0,121.0,1.0,139.8,5.0,120.5,1.0,,,120.0,1.0,,,52.0,1.0,,,48.0,3.0,,,,,,
49,Germany_Baseload#19#0#10000106,2021-10-20 06:36:05.390000,125.0,1.0,126.0,1.0,123.0,3.0,126.95,1.0,122.5,1.0,127.0,1.0,122.25,1.0,128.0,1.0,122.0,1.0,139.8,5.0,121.0,1.0,,,120.5,1.0,,,120.0,1.0,,,52.0,1.0,,,48.0,3.0,,
50,Germany_Baseload#19#0#10000106,2021-10-20 06:36:18.324000,125.0,1.0,126.0,1.0,123.0,3.0,126.95,1.0,122.5,1.0,127.0,1.0,122.25,1.0,128.0,1.0,122.0,1.0,139.8,5.0,121.0,1.0,,,120.0,1.0,,,52.0,1.0,,,48.0,3.0,,,,,,
51,Germany_Baseload#19#0#10000106,2021-10-20 06:36:30.267000,125.0,1.0,126.95,1.0,123.0,3.0,127.0,1.0,122.5,1.0,128.0,1.0,122.25,1.0,139.8,5.0,122.0,1.0,,,121.0,1.0,,,120.0,1.0,,,52.0,1.0,,,48.0,3.0,,,,,,
52,Germany_Baseload#19#0#10000106,2021-10-20 06:36:31.993000,125.0,1.0,126.95,1.0,123.0,3.0,127.0,1.0,122.5,1.0,128.0,1.0,122.25,1.0,139.6,5.0,122.0,1.0,,,121.0,1.0,,,120.0,1.0,,,52.0,1.0,,,48.0,3.0,,,,,,
53,Germany_Baseload#19#0#10000106,2021-10-20 06:36:34.706000,123.0,3.0,126.95,1.0,122.5,1.0,127.0,1.0,122.25,1.0,128.0,1.0,122.0,1.0,139.6,5.0,121.0,1.0,,,120.0,1.0,,,52.0,1.0,,,48.0,3.0,,,,,,,,,,
54,Germany_Baseload#19#0#10000106,2021-10-20 06:36:37.811000,123.0,3.0,126.95,1.0,122.5,1.0,127.0,1.0,122.25,1.0,128.0,1.0,122.0,1.0,139.8,5.0,121.0,1.0,,,120.0,1.0,,,52.0,1.0,,,48.0,3.0,,,,,,,,,,
55,Germany_Baseload#19#0#10000106,2021-10-20 06:36:41.633000,123.0,3.0,126.95,1.0,122.5,1.0,127.0,1.0,122.25,1.0,128.0,1.0,122.0,1.0,139.6,5.0,121.0,1.0,,,120.0,1.0,,,52.0,1.0,,,48.0,3.0,,,,,,,,,,
56,Germany_Baseload#19#0#10000106,2021-10-20 06:36:46.385000,123.0,3.0,126.0,1.0,122.5,1.0,126.95,1.0,122.25,1.0,127.0,1.0,122.0,1.0,128.0,1.0,121.0,1.0,139.6,5.0,120.0,1.0,,,52.0,1.0,,,48.0,3.0,,,,,,,,,,
57,Germany_Baseload#19#0#10000106,2021-10-20 06:36:51.438000,124.0,1.0,126.0,1.0,123.0,3.0,126.95,1.0,122.5,1.0,127.0,1.0,122.25,1.0,128.0,1.0,122.0,1.0,139.6,5.0,121.0,1.0,,,120.0,1.0,,,52.0,1.0,,,48.0,3.0,,,,,,
58,Germany_Baseload#19#0#10000106,2021-10-20 06:36:59.760000,124.0,1.0,126.0,1.0,123.0,3.0,126.95,1.0,122.5,1.0,127.0,1.0,122.25,1.0,128.0,1.0,122.0,1.0,139.8,5.0,121.0,1.0,,,120.0,1.0,,,52.0,1.0,,,48.0,3.0,,,,,,
59,Germany_Baseload#19#0#10000106,2021-10-20 06:37:00.725000,124.0,1.0,126.0,1.0,123.0,3.0,126.95,1.0,122.5,1.0,127.0,1.0,122.25,1.0,128.0,1.0,122.0,1.0,,,121.0,1.0,,,120.0,1.0,,,52.0,1.0,,,48.0,3.0,,,,,,
60,Germany_Baseload#19#0#10000106,2021-10-20 06:37:00.832000,124.0,1.0,126.0,1.0,123.0,3.0,126.95,1.0,122.5,1.0,127.0,1.0,122.25,1.0,128.0,1.0,122.0,1.0,139.6,5.0,121.0,1.0,,,120.0,1.0,,,52.0,1.0,,,48.0,3.0,,,,,,
61,Germany_Baseload#19#0#10000106,2021-10-20 06:37:05.012000,124.0,1.0,126.0,1.0,123.0,3.0,126.95,1.0,122.5,1.0,127.0,1.0,122.25,1.0,128.0,1.0,122.0,1.0,139.8,5.0,121.0,1.0,,,120.0,1.0,,,52.0,1.0,,,48.0,3.0,,,,,,
62,Germany_Baseload#19#0#10000106,2021-10-20 06:37:08.583000,124.0,1.0,126.0,1.0,123.0,3.0,126.95,1.0,122.5,1.0,127.0,1.0,122.25,1.0,128.0,1.0,122.0,1.0,139.6,5.0,121.0,1.0,,,120.0,1.0,,,52.0,1.0,,,48.0,3.0,,,,,,
63,Germany_Baseload#19#0#10000106,2021-10-20 06:37:12.612000,124.0,1.0,126.0,1.0,123.0,3.0,126.95,1.0,122.5,1.0,127.0,1.0,122.25,1.0,128.0,1.0,122.0,1.0,139.8,5.0,121.0,1.0,,,120.0,1.0,,,52.0,1.0,,,48.0,3.0,,,,,,
64,Germany_Baseload#19#0#10000106,2021-10-20 06:37:17.256000,124.0,1.0,126.0,1.0,123.0,3.0,126.95,1.0,122.5,1.0,127.0,1.0,122.25,1.0,128.0,1.0,122.0,1.0,139.6,5.0,121.0,1.0,,,120.0,1.0,,,52.0,1.0,,,48.0,3.0,,,,,,
65,Germany_Baseload#19#0#10000106,2021-10-20 06:37:22.713000,124.0,1.0,126.0,1.0,123.0,3.0,126.95,1.0,122.5,1.0,127.0,1.0,122.25,1.0,128.0,1.0,122.0,1.0,139.8,5.0,121.0,1.0,,,120.0,1.0,,,52.0,1.0,,,48.0,3.0,,,,,,
66,Germany_Baseload#19#0#10000106,2021-10-20 06:37:26.129000,124.0,1.0,126.0,1.0,123.0,3.0,126.95,1.0,122.5,1.0,127.0,1.0,122.25,1.0,128.0,1.0,122.0,1.0,139.6,5.0,121.0,1.0,,,120.0,1.0,,,52.0,1.0,,,48.0,3.0,,,,,,
67,Germany_Baseload#19#0#10000106,2021-10-20 06:37:46.481000,124.0,1.0,126.0,1.0,123.0,3.0,126.95,1.0,122.5,1.0,127.0,1.0,122.25,1.0,128.0,1.0,122.0,1.0,,,121.0,1.0,,,120.0,1.0,,,52.0,1.0,,,48.0,3.0,,,,,,
68,Germany_Baseload#19#0#10000106,2021-10-20 06:37:46.681000,124.0,1.0,126.0,1.0,123.0,3.0,126.95,1.0,122.5,1.0,127.0,1.0,122.25,1.0,128.0,1.0,122.0,1.0,139.6,5.0,121.0,1.0,,,120.0,1.0,,,52.0,1.0,,,48.0,3.0,,,,,,
69,Germany_Baseload#19#0#10000106,2021-10-20 06:38:09.411000,124.0,1.0,126.0,1.0,123.0,3.0,126.95,1.0,122.5,1.0,127.0,1.0,122.25,1.0,128.0,1.0,122.0,1.0,138.2,5.0,121.0,1.0,,,120.0,1.0,,,52.0,1.0,,,48.0,3.0,,,,,,
70,Germany_Baseload#19#0#10000106,2021-10-20 06:38:19.684000,124.0,1.0,126.0,1.0,123.0,3.0,126.95,1.0,122.5,1.0,127.0,1.0,122.25,1.0,128.0,1.0,122.0,1.0,138.6,5.0,121.0,1.0,,,120.0,1.0,,,52.0,1.0,,,48.0,3.0,,,,,,
71,Germany_Baseload#19#0#10000106,2021-10-20 06:38:33.960000,124.0,1.0,126.0,1.0,123.0,3.0,126.95,1.0,122.5,1.0,127.0,1.0,122.25,1.0,128.0,1.0,122.0,1.0,137.8,5.0,121.0,1.0,,,120.0,1.0,,,52.0,1.0,,,48.0,3.0,,,,,,
72,Germany_Baseload#19#0#10000106,2021-10-20 06:38:41.610000,124.0,1.0,126.0,1.0,123.0,3.0,126.95,1.0,122.5,1.0,127.0,1.0,122.25,1.0,128.0,1.0,122.0,1.0,137.6,5.0,121.0,1.0,,,120.0,1.0,,,52.0,1.0,,,48.0,3.0,,,,,,
73,Germany_Baseload#19#0#10000106,2021-10-20 06:38:50.586000,124.0,1.0,125.75,1.0,123.0,3.0,126.0,1.0,122.5,1.0,126.95,1.0,122.25,1.0,127.0,1.0,122.0,1.0,128.0,1.0,121.0,1.0,137.6,5.0,120.0,1.0,,,52.0,1.0,,,48.0,3.0,,,,,,
74,Germany_Baseload#19#0#10000106,2021-10-20 06:39:01.147000,124.0,1.0,125.75,1.0,123.0,1.0,126.0,1.0,122.5,1.0,126.95,1.0,122.25,1.0,127.0,1.0,122.0,1.0,128.0,1.0,121.0,1.0,137.6,5.0,52.0,1.0,,,48.0,3.0,,,,,,,,,,
75,Germany_Baseload#19#0#10000106,2021-10-20 06:40:10.387000,124.0,1.0,125.75,1.0,123.0,1.0,126.0,1.0,122.5,1.0,126.95,1.0,122.25,1.0,127.0,1.0,122.0,1.0,128.0,1.0,121.0,1.0,137.4,5.0,52.0,1.0,,,48.0,3.0,,,,,,,,,,
76,Germany_Baseload#19#0#10000106,2021-10-20 06:40:49.244000,124.0,1.0,125.75,1.0,123.0,1.0,126.0,1.0,122.5,1.0,126.95,1.0,122.25,1.0,127.0,1.0,122.0,1.0,128.0,1.0,121.0,1.0,137.6,5.0,52.0,1.0,,,48.0,3.0,,,,,,,,,,
77,Germany_Baseload#19#0#10000106,2021-10-20 06:40:49.443000,124.0,1.0,125.75,1.0,123.0,1.0,126.0,1.0,122.5,1.0,126.95,1.0,122.25,1.0,127.0,1.0,122.0,1.0,128.0,1.0,121.0,1.0,137.2,5.0,52.0,1.0,,,48.0,3.0,,,,,,,,,,
78,Germany_Baseload#19#0#10000106,2021-10-20 06:41:11.393000,124.0,1.0,125.75,1.0,123.0,1.0,126.0,1.0,122.5,1.0,126.95,1.0,122.25,1.0,127.0,1.0,122.0,1.0,128.0,1.0,121.0,1.0,,,52.0,1.0,,,48.0,3.0,,,,,,,,,,
79,Germany_Baseload#19#0#10000106,2021-10-20 06:41:13.381000,124.0,1.0,125.75,1.0,123.0,1.0,126.0,1.0,122.5,1.0,126.95,1.0,122.25,1.0,127.0,1.0,122.0,1.0,128.0,1.0,121.0,1.0,137.2,5.0,52.0,1.0,,,48.0,3.0,,,,,,,,,,
80,Germany_Baseload#19#0#10000106,2021-10-20 06:41:19.608000,124.0,1.0,125.75,1.0,123.0,1.0,126.0,1.0,122.5,1.0,126.95,1.0,122.25,1.0,127.0,1.0,122.0,1.0,128.0,1.0,121.0,1.0,137.0,5.0,52.0,1.0,,,48.0,3.0,,,,,,,,,,
81,Germany_Baseload#19#0#10000106,2021-10-20 06:41:20.832000,124.0,1.0,125.75,1.0,123.0,1.0,126.0,1.0,122.5,1.0,126.95,1.0,122.25,1.0,127.0,1.0,122.0,1.0,128.0,1.0,121.0,1.0,137.4,5.0,52.0,1.0,,,48.0,3.0,,,,,,,,,,
82,Germany_Baseload#19#0#10000106,2021-10-20 06:41:21.040000,124.0,1.0,125.75,1.0,123.0,1.0,126.0,1.0,122.5,1.0,126.95,1.0,122.25,1.0,127.0,1.0,122.0,1.0,128.0,1.0,121.0,1.0,137.2,5.0,52.0,1.0,,,48.0,3.0,,,,,,,,,,
83,Germany_Baseload#19#0#10000106,2021-10-20 06:41:25.076000,124.0,1.0,125.75,1.0,123.0,1.0,126.0,1.0,122.5,1.0,126.95,1.0,122.25,1.0,127.0,1.0,122.0,1.0,128.0,1.0,121.0,1.0,137.4,5.0,52.0,1.0,,,48.0,3.0,,,,,,,,,,
84,Germany_Baseload#19#0#10000106,2021-10-20 06:41:33.096000,124.0,1.0,125.75,1.0,123.0,1.0,126.0,1.0,122.5,1.0,126.95,1.0,122.25,1.0,127.0,1.0,122.0,1.0,128.0,1.0,121.0,1.0,137.0,5.0,52.0,1.0,,,48.0,3.0,,,,,,,,,,
85,Germany_Baseload#19#0#10000106,2021-10-20 06:42:28.613000,125.0,2.0,125.75,1.0,124.0,1.0,126.0,1.0,123.0,1.0,126.95,1.0,122.5,1.0,127.0,1.0,122.25,1.0,128.0,1.0,122.0,1.0,137.0,5.0,121.0,1.0,,,52.0,1.0,,,48.0,3.0,,,,,,
86,Germany_Baseload#19#0#10000106,2021-10-20 06:44:29.825000,125.0,2.0,125.75,1.0,124.0,1.0,126.0,1.0,123.0,1.0,126.95,1.0,122.5,1.0,127.0,1.0,122.25,1.0,128.0,1.0,122.0,1.0,136.0,5.0,121.0,1.0,,,52.0,1.0,,,48.0,3.0,,,,,,
87,Germany_Baseload#19#0#10000106,2021-10-20 06:44:33.894000,125.0,2.0,125.75,1.0,124.0,1.0,126.0,1.0,123.0,1.0,126.95,1.0,122.5,1.0,127.0,1.0,122.25,1.0,128.0,1.0,122.0,1.0,136.2,5.0,121.0,1.0,,,52.0,1.0,,,48.0,3.0,,,,,,
88,Germany_Baseload#19#0#10000106,2021-10-20 06:44:34.261000,125.0,2.0,125.75,1.0,124.0,1.0,126.0,1.0,123.0,1.0,126.95,1.0,122.5,1.0,127.0,1.0,122.25,1.0,128.0,1.0,122.0,1.0,136.0,5.0,121.0,1.0,,,52.0,1.0,,,48.0,3.0,,,,,,
89,Germany_Baseload#19#0#10000106,2021-10-20 06:44:45.763000,125.0,2.0,125.75,1.0,124.0,1.0,126.0,1.0,123.0,1.0,126.95,1.0,122.5,1.0,127.0,1.0,122.25,1.0,128.0,1.0,122.0,1.0,136.2,5.0,121.0,1.0,,,52.0,1.0,,,48.0,3.0,,,,,,
90,Germany_Baseload#19#0#10000106,2021-10-20 06:44:47.116000,125.0,2.0,125.75,1.0,124.0,1.0,126.0,1.0,123.0,1.0,126.95,1.0,122.5,1.0,127.0,1.0,122.25,1.0,128.0,1.0,122.0,1.0,136.8,5.0,121.0,1.0,,,52.0,1.0,,,48.0,3.0,,,,,,
91,Germany_Baseload#19#0#10000106,2021-10-20 06:44:48.140000,125.0,2.0,125.75,1.0,124.0,1.0,126.0,1.0,123.0,1.0,126.95,1.0,122.5,1.0,127.0,1.0,122.25,1.0,128.0,1.0,122.0,1.0,138.2,5.0,121.0,1.0,,,52.0,1.0,,,48.0,3.0,,,,,,
92,Germany_Baseload#19#0#10000106,2021-10-20 06:44:48.344000,125.0,2.0,125.75,1.0,124.0,1.0,126.0,1.0,123.0,1.0,126.95,1.0,122.5,1.0,127.0,1.0,122.25,1.0,128.0,1.0,122.0,1.0,137.8,5.0,121.0,1.0,,,52.0,1.0,,,48.0,3.0,,,,,,
93,Germany_Baseload#19#0#10000106,2021-10-20 06:44:59.049000,125.0,2.0,125.75,1.0,124.0,1.0,126.0,1.0,123.0,1.0,126.95,1.0,122.5,1.0,127.0,1.0,122.25,1.0,128.0,1.0,122.0,1.0,137.0,5.0,121.0,1.0,,,52.0,1.0,,,48.0,3.0,,,,,,
94,Germany_Baseload#19#0#10000106,2021-10-20 06:44:59.435000,125.0,2.0,125.75,1.0,124.0,1.0,126.0,1.0,123.0,1.0,126.95,1.0,122.5,1.0,127.0,1.0,122.25,1.0,128.0,1.0,122.0,1.0,137.8,5.0,121.0,1.0,,,52.0,1.0,,,48.0,3.0,,,,,,
95,Germany_Baseload#19#0#10000106,2021-10-20 06:45:03.257000,125.0,2.0,125.75,1.0,124.0,1.0,126.0,1.0,123.0,1.0,126.95,1.0,122.5,1.0,127.0,1.0,122.25,1.0,128.0,1.0,122.0,1.0,137.6,5.0,121.0,1.0,,,52.0,1.0,,,48.0,3.0,,,,,,
96,Germany_Baseload#19#0#10000106,2021-10-20 06:45:07.297000,125.0,2.0,125.75,1.0,124.0,1.0,126.0,1.0,123.0,1.0,126.95,1.0,122.5,1.0,127.0,1.0,122.25,1.0,128.0,1.0,122.0,1.0,137.8,5.0,121.0,1.0,,,52.0,1.0,,,48.0,3.0,,,,,,
97,Germany_Baseload#19#0#10000106,2021-10-20 06:45:08.887000,125.0,2.0,125.75,1.0,124.0,1.0,126.0,1.0,123.0,1.0,126.95,1.0,122.5,1.0,127.0,1.0,122.25,1.0,128.0,1.0,122.0,1.0,137.4,5.0,121.0,1.0,,,52.0,1.0,,,48.0,3.0,,,,,,
98,Germany_Baseload#19#0#10000106,2021-10-20 06:45:12.693000,125.0,2.0,125.75,1.0,124.0,1.0,126.0,1.0,123.0,1.0,126.95,1.0,122.5,1.0,127.0,1.0,122.25,1.0,128.0,1.0,122.0,1.0,137.8,5.0,121.0,1.0,,,52.0,1.0,,,48.0,3.0,,,,,,
99,Germany_Baseload#19#0#10000106,2021-10-20 06:45:13.929000,125.0,2.0,125.75,1.0,124.0,1.0,126.0,1.0,123.0,1.0,126.95,1.0,122.5,1.0,127.0,1.0,122.25,1.0,128.0,1.0,122.0,1.0,137.4,5.0,121.0,1.0,,,52.0,1.0,,,48.0,3.0,,,,,,
100,Germany_Baseload#19#0#10000106,2021-10-20 06:45:27.812000,125.0,2.0,125.75,1.0,124.0,1.0,126.0,1.0,123.0,1.0,126.95,1.0,122.5,1.0,127.0,1.0,122.25,1.0,128.0,1.0,122.0,1.0,137.8,5.0,121.0,1.0,,,52.0,1.0,,,48.0,3.0,,,,,,
101,Germany_Baseload#19#0#10000106,2021-10-20 06:45:28.007000,125.0,2.0,125.75,1.0,124.0,1.0,126.0,1.0,123.0,1.0,126.95,1.0,122.5,1.0,127.0,1.0,122.25,1.0,128.0,1.0,122.0,1.0,137.4,5.0,121.0,1.0,,,52.0,1.0,,,48.0,3.0,,,,,,
102,Germany_Baseload#19#0#10000106,2021-10-20 06:45:35.876000,125.0,2.0,125.75,1.0,124.0,1.0,126.0,1.0,123.0,1.0,126.95,1.0,122.5,1.0,127.0,1.0,122.25,1.0,128.0,1.0,122.0,1.0,,,121.0,1.0,,,52.0,1.0,,,48.0,3.0,,,,,,
103,Germany_Baseload#19#0#10000106,2021-10-20 06:45:36.070000,125.0,2.0,125.75,1.0,124.0,1.0,126.0,1.0,123.0,1.0,126.95,1.0,122.5,1.0,127.0,1.0,122.25,1.0,128.0,1.0,122.0,1.0,137.4,5.0,121.0,1.0,,,52.0,1.0,,,48.0,3.0,,,,,,
104,Germany_Baseload#19#0#10000106,2021-10-20 06:45:51.526000,125.0,2.0,125.75,1.0,124.0,1.0,126.0,1.0,123.0,1.0,126.95,1.0,122.5,1.0,127.0,1.0,122.25,1.0,128.0,1.0,122.0,1.0,136.0,5.0,121.0,1.0,,,52.0,1.0,,,48.0,3.0,,,,,,
105,Germany_Baseload#19#0#10000106,2021-10-20 06:46:10.257000,125.0,2.0,125.75,1.0,124.0,1.0,126.0,1.0,123.0,1.0,126.95,1.0,122.5,1.0,127.0,1.0,122.25,1.0,128.0,1.0,122.0,1.0,,,121.0,1.0,,,52.0,1.0,,,48.0,3.0,,,,,,
106,Germany_Baseload#19#0#10000106,2021-10-20 06:46:10.458000,125.0,2.0,125.75,1.0,124.0,1.0,126.0,1.0,123.0,1.0,126.95,1.0,122.5,1.0,127.0,1.0,122.25,1.0,128.0,1.0,122.0,1.0,136.0,5.0,121.0,1.0,,,52.0,1.0,,,48.0,3.0,,,,,,
107,Germany_Baseload#19#0#10000106,2021-10-20 06:46:19.748000,125.0,2.0,125.75,1.0,124.0,1.0,126.0,1.0,123.0,1.0,126.95,1.0,122.5,1.0,127.0,1.0,122.25,1.0,128.0,1.0,122.0,1.0,136.2,5.0,121.0,1.0,,,52.0,1.0,,,48.0,3.0,,,,,,
108,Germany_Baseload#19#0#10000106,2021-10-20 06:46:19.939000,125.0,2.0,125.75,1.0,124.0,1.0,126.0,1.0,123.0,1.0,126.95,1.0,122.5,1.0,127.0,1.0,122.25,1.0,128.0,1.0,122.0,1.0,136.8,5.0,121.0,1.0,,,52.0,1.0,,,48.0,3.0,,,,,,
109,Germany_Baseload#19#0#10000106,2021-10-20 06:46:20.035000,125.0,2.0,125.75,1.0,124.75,1.0,126.0,1.0,124.0,1.0,126.95,1.0,123.0,3.0,127.0,1.0,122.5,1.0,128.0,1.0,122.25,1.0,136.8,5.0,122.0,1.0,,,121.0,1.0,,,52.0,1.0,,,48.0,3.0,,
110,Germany_Baseload#19#0#10000106,2021-10-20 06:46:23.551000,125.0,2.0,125.75,1.0,124.75,1.0,126.0,1.0,124.0,1.0,126.95,1.0,123.0,3.0,127.0,1.0,122.5,1.0,128.0,1.0,122.25,1.0,136.0,5.0,122.0,1.0,,,121.0,1.0,,,52.0,1.0,,,48.0,3.0,,
111,Germany_Baseload#19#0#10000106,2021-10-20 06:46:25.060000,125.0,2.0,125.5,1.0,124.75,1.0,125.75,1.0,124.0,1.0,126.0,1.0,123.0,3.0,126.95,1.0,122.5,1.0,127.0,1.0,122.25,1.0,128.0,1.0,122.0,1.0,136.0,5.0,121.0,1.0,,,52.0,1.0,,,48.0,3.0,,
112,Germany_Baseload#19#0#10000106,2021-10-20 06:46:27.741000,125.0,2.0,125.5,1.0,124.75,1.0,125.75,1.0,124.0,1.0,126.0,1.0,123.0,3.0,126.95,1.0,122.5,1.0,127.0,1.0,122.25,1.0,128.0,1.0,122.0,1.0,136.2,5.0,121.0,1.0,,,52.0,1.0,,,48.0,3.0,,
113,Germany_Baseload#19#0#10000106,2021-10-20 06:46:36.276000,125.0,2.0,125.5,1.0,124.75,1.0,125.75,1.0,124.0,1.0,126.0,1.0,123.0,3.0,126.95,1.0,122.5,1.0,127.0,1.0,122.25,1.0,128.0,1.0,122.0,1.0,137.2,5.0,121.0,1.0,,,52.0,1.0,,,48.0,3.0,,
114,Germany_Baseload#19#0#10000106,2021-10-20 06:46:41.102000,125.0,2.0,125.5,1.0,124.75,1.0,125.75,1.0,124.0,1.0,126.0,1.0,123.0,3.0,126.95,1.0,122.5,1.0,127.0,1.0,122.25,1.0,128.0,1.0,122.0,1.0,138.0,5.0,121.0,1.0,,,52.0,1.0,,,48.0,3.0,,
115,Germany_Baseload#19#0#10000106,2021-10-20 06:46:41.263000,125.0,2.0,125.5,1.0,124.75,1.0,125.75,1.0,124.0,1.0,126.0,1.0,123.0,3.0,126.95,1.0,122.5,1.0,127.0,1.0,122.25,1.0,128.0,1.0,122.0,1.0,137.2,5.0,121.0,1.0,,,52.0,1.0,,,48.0,3.0,,
116,Germany_Baseload#19#0#10000106,2021-10-20 06:47:06.544000,125.0,1.0,125.5,1.0,124.75,1.0,125.75,1.0,124.0,1.0,126.0,1.0,123.0,3.0,126.95,1.0,122.5,1.0,127.0,1.0,122.25,1.0,128.0,1.0,122.0,1.0,137.2,5.0,121.0,1.0,,,52.0,1.0,,,48.0,3.0,,
117,Germany_Baseload#19#0#10000106,2021-10-20 06:47:09.138000,125.0,1.0,125.5,1.0,124.75,1.0,125.75,1.0,124.0,1.0,126.0,1.0,123.0,3.0,126.95,1.0,122.5,1.0,127.0,1.0,122.25,1.0,128.0,1.0,122.0,1.0,137.4,5.0,121.0,1.0,,,52.0,1.0,,,48.0,3.0,,
118,Germany_Baseload#19#0#10000106,2021-10-20 06:47:09.280000,125.0,1.0,125.5,1.0,124.75,1.0,125.75,1.0,124.0,1.0,126.0,1.0,123.0,3.0,126.95,1.0,122.5,1.0,127.0,1.0,122.25,1.0,128.0,1.0,122.0,1.0,138.0,5.0,121.0,1.0,,,52.0,1.0,,,48.0,3.0,,
119,Germany_Baseload#19#0#10000106,2021-10-20 06:47:10.132000,124.75,1.0,125.5,1.0,124.0,1.0,125.75,1.0,123.0,3.0,126.0,1.0,122.5,1.0,126.95,1.0,122.25,1.0,127.0,1.0,122.0,1.0,128.0,1.0,121.0,1.0,138.0,5.0,52.0,1.0,,,48.0,3.0,,,,,,
120,Germany_Baseload#19#0#10000106,2021-10-20 06:47:10.398000,124.75,1.0,125.5,1.0,124.0,1.0,126.0,1.0,123.0,3.0,126.95,1.0,122.5,1.0,127.0,1.0,122.25,1.0,128.0,1.0,122.0,1.0,138.0,5.0,121.0,1.0,,,52.0,1.0,,,48.0,3.0,,,,,,
121,Germany_Baseload#19#0#10000106,2021-10-20 06:47:11.198000,124.75,1.0,126.0,1.0,124.0,1.0,126.95,1.0,123.0,3.0,127.0,1.0,122.5,1.0,128.0,1.0,122.25,1.0,138.0,5.0,122.0,1.0,,,121.0,1.0,,,52.0,1.0,,,48.0,3.0,,,,,,
122,Germany_Baseload#19#0#10000106,2021-10-20 06:47:16.209000,124.0,1.0,126.0,1.0,123.0,3.0,126.95,1.0,122.5,1.0,127.0,1.0,122.25,1.0,128.0,1.0,122.0,1.0,138.0,5.0,121.0,1.0,,,52.0,1.0,,,48.0,3.0,,,,,,,,,,
123,Germany_Baseload#19#0#10000106,2021-10-20 06:47:17.894000,124.0,1.0,126.0,1.0,123.0,3.0,126.95,1.0,122.5,1.0,127.0,1.0,122.25,1.0,128.0,1.0,122.0,1.0,137.2,5.0,121.0,1.0,,,52.0,1.0,,,48.0,3.0,,,,,,,,,,
124,Germany_Baseload#19#0#10000106,2021-10-20 06:47:35.862000,124.0,1.0,126.0,1.0,123.0,3.0,126.95,1.0,122.5,1.0,127.0,1.0,122.25,1.0,128.0,1.0,122.0,1.0,,,121.0,1.0,,,52.0,1.0,,,48.0,3.0,,,,,,,,,,
125,Germany_Baseload#19#0#10000106,2021-10-20 06:47:36.066000,124.0,1.0,126.0,1.0,123.0,3.0,126.95,1.0,122.5,1.0,127.0,1.0,122.25,1.0,128.0,1.0,122.0,1.0,137.2,5.0,121.0,1.0,,,52.0,1.0,,,48.0,3.0,,,,,,,,,,
126,Germany_Baseload#19#0#10000106,2021-10-20 06:47:47.489000,124.0,1.0,126.0,1.0,123.0,3.0,126.95,1.0,122.5,1.0,127.0,1.0,122.25,1.0,128.0,1.0,122.0,1.0,136.6,5.0,121.0,1.0,,,52.0,1.0,,,48.0,3.0,,,,,,,,,,
127,Germany_Baseload#19#0#10000106,2021-10-20 06:47:55.344000,124.0,1.0,126.0,1.0,123.0,3.0,126.95,1.0,122.5,1.0,127.0,1.0,122.25,1.0,128.0,1.0,122.0,1.0,136.6,5.0,121.0,1.0,,,114.0,1.0,,,52.0,1.0,,,48.0,3.0,,,,,,
128,Germany_Baseload#19#0#10000106,2021-10-20 06:47:55.446000,124.25,1.0,126.0,1.0,124.0,1.0,126.95,1.0,123.0,3.0,127.0,1.0,122.5,1.0,128.0,1.0,122.25,1.0,136.6,5.0,122.0,1.0,,,121.0,1.0,,,114.0,1.0,,,52.0,1.0,,,48.0,3.0,,
129,Germany_Baseload#19#0#10000106,2021-10-20 06:48:06.251000,124.25,1.0,126.0,1.0,124.0,1.0,126.95,1.0,123.0,3.0,127.0,1.0,122.5,1.0,128.0,1.0,122.25,1.0,136.6,5.0,122.0,1.0,,,121.0,1.0,,,114.0,1.0,,,52.0,1.0,,,48.0,3.0,,
130,Germany_Baseload#19#0#10000106,2021-10-20 06:48:27.981000,124.25,1.0,126.0,1.0,124.0,1.0,126.95,1.0,123.0,3.0,127.0,1.0,122.5,1.0,128.0,1.0,122.25,1.0,136.8,5.0,122.0,1.0,,,121.0,1.0,,,114.0,1.0,,,52.0,1.0,,,48.0,3.0,,
131,Germany_Baseload#19#0#10000106,2021-10-20 06:49:00.020000,124.25,1.0,126.0,1.0,124.0,1.0,126.95,1.0,123.0,3.0,127.0,1.0,122.5,1.0,128.0,1.0,122.25,1.0,136.4,5.0,122.0,1.0,,,121.0,1.0,,,114.0,1.0,,,52.0,1.0,,,48.0,3.0,,
132,Germany_Baseload#19#0#10000106,2021-10-20 06:50:06.056000,125.0,1.0,126.0,1.0,124.25,1.0,126.95,1.0,124.0,1.0,127.0,1.0,123.0,3.0,128.0,1.0,122.5,1.0,136.4,5.0,122.25,1.0,,,122.0,1.0,,,121.0,1.0,,,114.0,1.0,,,52.0,1.0,,
133,Germany_Baseload#19#0#10000106,2021-10-20 06:50:51.523000,125.1,1.0,126.0,1.0,125.0,1.0,126.95,1.0,124.0,1.0,127.0,1.0,123.0,3.0,128.0,1.0,122.5,1.0,136.4,5.0,122.25,1.0,,,122.0,1.0,,,121.0,1.0,,,114.0,1.0,,,52.0,1.0,,
134,Germany_Baseload#19#0#10000106,2021-10-20 06:51:03.022000,125.1,1.0,126.95,1.0,125.0,1.0,127.0,1.0,124.0,1.0,128.0,1.0,123.0,3.0,136.4,5.0,122.5,1.0,,,122.25,1.0,,,122.0,1.0,,,121.0,1.0,,,114.0,1.0,,,52.0,1.0,,
135,Germany_Baseload#19#0#10000106,2021-10-20 06:51:03.073000,125.1,1.0,126.95,2.0,125.0,1.0,127.0,1.0,124.0,1.0,128.0,1.0,123.0,3.0,136.4,5.0,122.5,1.0,,,122.25,1.0,,,122.0,1.0,,,121.0,1.0,,,114.0,1.0,,,52.0,1.0,,
136,Germany_Baseload#19#0#10000106,2021-10-20 06:51:06.385000,125.1,1.0,126.95,2.0,125.0,1.0,127.0,1.0,124.75,1.0,128.0,1.0,124.0,1.0,136.4,5.0,123.0,3.0,,,122.5,1.0,,,122.25,1.0,,,122.0,1.0,,,121.0,1.0,,,114.0,1.0,,
137,Germany_Baseload#19#0#10000106,2021-10-20 06:51:51.882000,126.0,1.0,126.95,1.0,125.1,1.0,127.0,1.0,125.0,1.0,128.0,1.0,124.75,1.0,134.8,5.0,124.0,1.0,,,123.0,3.0,,,122.5,1.0,,,122.25,1.0,,,122.0,1.0,,,121.0,1.0,,
138,Germany_Baseload#19#0#10000106,2021-10-20 06:52:04.397000,126.0,2.0,126.95,2.0,125.1,1.0,127.0,1.0,125.0,1.0,128.0,1.0,124.75,1.0,136.4,5.0,124.0,1.0,,,123.0,3.0,,,122.5,1.0,,,122.25,1.0,,,122.0,1.0,,,121.0,1.0,,
139,Germany_Baseload#19#0#10000106,2021-10-20 06:53:40.171000,126.0,2.0,126.95,2.0,125.1,1.0,127.0,1.0,125.0,1.0,128.0,1.0,124.75,1.0,137.6,5.0,124.0,1.0,,,123.0,3.0,,,122.5,1.0,,,122.25,1.0,,,122.0,1.0,,,121.0,1.0,,
140,Germany_Baseload#19#0#10000106,2021-10-20 06:53:45.046000,126.0,2.0,126.95,1.0,125.1,1.0,127.0,1.0,125.0,1.0,128.0,1.0,124.75,1.0,137.6,5.0,124.0,1.0,,,123.0,3.0,,,122.5,1.0,,,122.25,1.0,,,122.0,1.0,,,121.0,1.0,,
141,Germany_Baseload#19#0#10000106,2021-10-20 06:53:53.586000,126.0,2.0,127.0,1.0,125.1,1.0,128.0,1.0,125.0,1.0,133.0,1.0,124.75,1.0,137.6,5.0,124.0,1.0,,,123.0,3.0,,,122.5,1.0,,,122.25,1.0,,,122.0,1.0,,,121.0,1.0,,
142,Germany_Baseload#19#0#10000106,2021-10-20 06:54:01.618000,126.0,2.0,127.0,1.0,125.1,1.0,128.0,1.0,125.0,1.0,137.6,5.0,124.75,1.0,,,124.0,1.0,,,123.0,3.0,,,122.5,1.0,,,122.25,1.0,,,122.0,1.0,,,121.0,1.0,,
143,Germany_Baseload#19#0#10000106,2021-10-20 06:54:09.952000,126.0,2.0,127.0,2.0,125.1,1.0,128.0,1.0,125.0,1.0,137.6,5.0,124.75,1.0,,,124.0,1.0,,,123.0,3.0,,,122.5,1.0,,,122.25,1.0,,,122.0,1.0,,,121.0,1.0,,
144,Germany_Baseload#19#0#10000106,2021-10-20 06:54:32.610000,126.0,2.0,127.0,2.0,125.1,1.0,128.0,1.0,125.0,1.0,137.0,5.0,124.75,1.0,,,124.0,1.0,,,123.0,3.0,,,122.5,1.0,,,122.25,1.0,,,122.0,1.0,,,121.0,1.0,,
145,Germany_Baseload#19#0#10000106,2021-10-20 06:54:37.053000,126.0,2.0,127.0,2.0,125.1,1.0,128.0,1.0,125.0,1.0,136.8,5.0,124.75,1.0,,,124.0,1.0,,,123.0,3.0,,,122.5,1.0,,,122.25,1.0,,,122.0,1.0,,,121.0,1.0,,
146,Germany_Baseload#19#0#10000106,2021-10-20 06:54:41.101000,126.0,2.0,127.0,2.0,125.1,1.0,128.0,1.0,125.0,1.0,137.0,5.0,124.75,1.0,,,124.0,1.0,,,123.0,3.0,,,122.5,1.0,,,122.25,1.0,,,122.0,1.0,,,121.0,1.0,,
147,Germany_Baseload#19#0#10000106,2021-10-20 06:54:45.934000,126.0,2.0,127.0,2.0,125.1,1.0,128.0,1.0,125.0,1.0,136.8,5.0,124.75,1.0,,,124.0,1.0,,,123.0,3.0,,,122.5,1.0,,,122.25,1.0,,,122.0,1.0,,,121.0,1.0,,
148,Germany_Baseload#19#0#10000106,2021-10-20 06:56:14.113000,126.0,2.0,127.0,2.0,125.1,1.0,128.0,1.0,125.0,1.0,137.0,5.0,124.75,1.0,,,124.0,1.0,,,123.0,3.0,,,122.5,1.0,,,122.25,1.0,,,122.0,1.0,,,121.0,1.0,,
149,Germany_Baseload#19#0#10000106,2021-10-20 06:56:18.553000,126.0,2.0,127.0,2.0,125.1,1.0,128.0,1.0,125.0,1.0,136.8,5.0,124.75,1.0,,,124.0,1.0,,,123.0,3.0,,,122.5,1.0,,,122.25,1.0,,,122.0,1.0,,,121.0,1.0,,
150,Germany_Baseload#19#0#10000106,2021-10-20 06:56:22.582000,126.0,2.0,127.0,2.0,125.1,1.0,128.0,1.0,125.0,1.0,137.0,5.0,124.75,1.0,,,124.0,1.0,,,123.0,3.0,,,122.5,1.0,,,122.25,1.0,,,122.0,1.0,,,121.0,1.0,,
151,Germany_Baseload#19#0#10000106,2021-10-20 06:56:33.257000,126.0,2.0,127.0,2.0,125.1,1.0,128.0,1.0,125.0,1.0,136.8,5.0,124.75,1.0,,,124.0,1.0,,,123.0,3.0,,,122.5,1.0,,,122.25,1.0,,,122.0,1.0,,,121.0,1.0,,
152,Germany_Baseload#19#0#10000106,2021-10-20 06:56:56.013000,126.0,2.0,127.0,2.0,125.1,1.0,128.0,1.0,125.0,1.0,136.6,5.0,124.75,1.0,,,124.0,1.0,,,123.0,3.0,,,122.5,1.0,,,122.25,1.0,,,122.0,1.0,,,121.0,1.0,,
153,Germany_Baseload#19#0#10000106,2021-10-20 06:57:19.461000,126.0,2.0,127.0,2.0,125.1,1.0,128.0,1.0,125.0,1.0,,,124.75,1.0,,,124.0,1.0,,,123.0,3.0,,,122.5,1.0,,,122.25,1.0,,,122.0,1.0,,,121.0,1.0,,
154,Germany_Baseload#19#0#10000106,2021-10-20 06:57:19.612000,126.0,2.0,127.0,2.0,125.1,1.0,128.0,1.0,125.0,1.0,136.6,5.0,124.75,1.0,,,124.0,1.0,,,123.0,3.0,,,122.5,1.0,,,122.25,1.0,,,122.0,1.0,,,121.0,1.0,,
155,Germany_Baseload#19#0#10000106,2021-10-20 06:57:23.635000,126.0,2.0,127.0,2.0,125.1,1.0,128.0,1.0,125.0,1.0,136.8,5.0,124.75,1.0,,,124.0,1.0,,,123.0,3.0,,,122.5,1.0,,,122.25,1.0,,,122.0,1.0,,,121.0,1.0,,
156,Germany_Baseload#19#0#10000106,2021-10-20 06:57:24.402000,126.0,2.0,127.0,2.0,125.1,1.0,128.0,1.0,125.0,1.0,136.4,5.0,124.75,1.0,,,124.0,1.0,,,123.0,3.0,,,122.5,1.0,,,122.25,1.0,,,122.0,1.0,,,121.0,1.0,,
157,Germany_Baseload#19#0#10000106,2021-10-20 06:57:28.440000,126.0,2.0,127.0,2.0,125.1,1.0,128.0,1.0,125.0,1.0,136.6,5.0,124.75,1.0,,,124.0,1.0,,,123.0,3.0,,,122.5,1.0,,,122.25,1.0,,,122.0,1.0,,,121.0,1.0,,
158,Germany_Baseload#19#0#10000106,2021-10-20 06:57:36.698000,126.0,2.0,127.0,2.0,125.1,1.0,128.0,1.0,125.0,1.0,136.8,5.0,124.75,1.0,,,124.0,1.0,,,123.0,3.0,,,122.5,1.0,,,122.25,1.0,,,122.0,1.0,,,121.0,1.0,,
159,Germany_Baseload#19#0#10000106,2021-10-20 06:57:37.715000,126.0,2.0,127.0,2.0,125.1,1.0,128.0,1.0,125.0,1.0,136.6,5.0,124.75,1.0,,,124.0,1.0,,,123.0,3.0,,,122.5,1.0,,,122.25,1.0,,,122.0,1.0,,,121.0,1.0,,
160,Germany_Baseload#19#0#10000106,2021-10-20 06:57:50.420000,126.0,2.0,127.0,2.0,125.1,1.0,128.0,1.0,125.0,1.0,136.8,5.0,124.75,1.0,,,124.0,1.0,,,123.0,3.0,,,122.5,1.0,,,122.25,1.0,,,122.0,1.0,,,121.0,1.0,,
161,Germany_Baseload#19#0#10000106,2021-10-20 06:58:07.571000,126.0,2.0,127.0,1.0,125.1,1.0,128.0,1.0,125.0,1.0,136.8,5.0,124.75,1.0,,,124.0,1.0,,,123.0,3.0,,,122.5,1.0,,,122.25,1.0,,,122.0,1.0,,,121.0,1.0,,
162,Germany_Baseload#19#0#10000106,2021-10-20 06:58:07.604000,126.0,2.0,126.95,1.0,125.1,1.0,127.0,1.0,125.0,1.0,128.0,1.0,124.75,1.0,136.8,5.0,124.0,1.0,,,123.0,3.0,,,122.5,1.0,,,122.25,1.0,,,122.0,1.0,,,121.0,1.0,,
163,Germany_Baseload#19#0#10000106,2021-10-20 07:00:01.342000,126.0,2.0,126.95,1.0,125.1,1.0,127.0,1.0,125.0,1.0,128.0,1.0,124.75,1.0,136.6,5.0,124.0,1.0,,,123.0,3.0,,,122.5,1.0,,,122.25,1.0,,,122.0,1.0,,,121.0,1.0,,
164,Germany_Baseload#19#0#10000106,2021-10-20 07:00:43.345000,126.0,2.0,126.95,1.0,125.1,1.0,127.0,1.0,125.0,1.0,128.0,1.0,124.75,1.0,,,124.0,1.0,,,123.0,3.0,,,122.5,1.0,,,122.25,1.0,,,122.0,1.0,,,121.0,1.0,,
165,Germany_Baseload#19#0#10000106,2021-10-20 07:00:43.574000,126.0,2.0,126.95,1.0,125.1,1.0,127.0,1.0,125.0,1.0,128.0,1.0,124.75,1.0,136.4,5.0,124.0,1.0,,,123.0,3.0,,,122.5,1.0,,,122.25,1.0,,,122.0,1.0,,,121.0,1.0,,
166,Germany_Baseload#19#0#10000106,2021-10-20 07:01:04.195000,126.0,2.0,126.95,1.0,125.1,1.0,127.0,1.0,125.0,1.0,128.0,1.0,124.75,1.0,136.4,5.0,124.0,1.0,,,123.0,3.0,,,122.5,1.0,,,122.25,1.0,,,122.0,1.0,,,121.0,1.0,,
167,Germany_Baseload#19#0#10000106,2021-10-20 07:01:05.378000,126.0,2.0,126.95,1.0,125.1,1.0,127.0,1.0,125.0,1.0,128.0,1.0,124.75,1.0,136.6,5.0,124.0,1.0,,,123.0,3.0,,,122.5,1.0,,,122.25,1.0,,,122.0,1.0,,,121.0,1.0,,
168,Germany_Baseload#19#0#10000106,2021-10-20 07:01:12.505000,126.0,2.0,126.95,1.0,125.1,1.0,127.0,1.0,125.0,1.0,128.0,1.0,124.75,1.0,136.2,5.0,124.0,1.0,,,123.0,3.0,,,122.5,1.0,,,122.25,1.0,,,122.0,1.0,,,121.0,1.0,,
169,Germany_Baseload#19#0#10000106,2021-10-20 07:01:16.751000,126.0,2.0,126.95,1.0,125.1,1.0,127.0,1.0,125.0,1.0,128.0,1.0,124.75,1.0,136.4,5.0,124.0,1.0,,,123.0,3.0,,,122.5,1.0,,,122.25,1.0,,,122.0,1.0,,,121.0,1.0,,
170,Germany_Baseload#19#0#10000106,2021-10-20 07:01:30.253000,126.0,2.0,126.95,1.0,125.1,1.0,127.0,1.0,125.0,1.0,128.0,1.0,124.75,1.0,135.4,5.0,124.0,1.0,,,123.0,3.0,,,122.5,1.0,,,122.25,1.0,,,122.0,1.0,,,121.0,1.0,,
171,Germany_Baseload#19#0#10000106,2021-10-20 07:02:25.732000,126.0,2.0,126.95,1.0,125.1,1.0,127.0,1.0,125.0,1.0,128.0,1.0,124.75,1.0,,,124.0,1.0,,,123.0,3.0,,,122.5,1.0,,,122.25,1.0,,,122.0,1.0,,,121.0,1.0,,
172,Germany_Baseload#19#0#10000106,2021-10-20 07:02:25.962000,126.0,2.0,126.95,1.0,125.1,1.0,127.0,1.0,125.0,1.0,128.0,1.0,124.75,1.0,135.4,5.0,124.0,1.0,,,123.0,3.0,,,122.5,1.0,,,122.25,1.0,,,122.0,1.0,,,121.0,1.0,,
173,Germany_Baseload#19#0#10000106,2021-10-20 07:02:51.405000,126.0,2.0,126.95,1.0,125.1,1.0,127.0,1.0,125.0,1.0,128.0,1.0,124.75,1.0,135.2,5.0,124.0,1.0,,,123.0,3.0,,,122.5,1.0,,,122.25,1.0,,,122.0,1.0,,,121.0,1.0,,
174,Germany_Baseload#19#0#10000106,2021-10-20 07:03:36.948000,126.0,2.0,126.95,1.0,125.1,1.0,127.0,1.0,125.0,1.0,128.0,1.0,124.75,1.0,136.0,5.0,124.0,1.0,,,123.0,3.0,,,122.5,1.0,,,122.25,1.0,,,122.0,1.0,,,121.0,1.0,,
175,Germany_Baseload#19#0#10000106,2021-10-20 07:03:40.727000,126.0,2.0,126.95,1.0,125.1,1.0,127.0,1.0,125.0,1.0,128.0,1.0,124.75,1.0,135.2,5.0,124.0,1.0,,,123.0,3.0,,,122.5,1.0,,,122.25,1.0,,,122.0,1.0,,,121.0,1.0,,
176,Germany_Baseload#19#0#10000106,2021-10-20 07:03:49.347000,126.0,2.0,126.95,1.0,125.0,1.0,127.0,1.0,124.75,1.0,128.0,1.0,124.0,1.0,135.2,5.0,123.0,3.0,,,122.5,1.0,,,122.25,1.0,,,122.0,1.0,,,121.0,1.0,,,114.0,1.0,,
177,Germany_Baseload#19#0#10000106,2021-10-20 07:04:07.003000,126.0,2.0,126.95,1.0,125.1,1.0,127.0,1.0,125.0,1.0,128.0,1.0,124.75,1.0,135.2,5.0,124.0,1.0,,,123.0,3.0,,,122.5,1.0,,,122.25,1.0,,,122.0,1.0,,,121.0,1.0,,
178,Germany_Baseload#19#0#10000106,2021-10-20 07:06:46.324000,126.0,2.0,126.95,1.0,125.1,1.0,127.0,1.0,125.0,1.0,128.0,1.0,124.75,1.0,135.0,5.0,124.0,1.0,,,123.0,3.0,,,122.5,1.0,,,122.25,1.0,,,122.0,1.0,,,121.0,1.0,,
179,Germany_Baseload#19#0#10000106,2021-10-20 07:07:01.953000,126.0,2.0,126.95,1.0,125.1,2.0,127.0,1.0,125.0,1.0,128.0,1.0,124.75,1.0,135.0,5.0,124.0,1.0,,,123.0,3.0,,,122.5,1.0,,,122.25,1.0,,,122.0,1.0,,,121.0,1.0,,
180,Germany_Baseload#19#0#10000106,2021-10-20 07:08:08.330000,126.0,2.0,126.95,1.0,125.1,2.0,127.0,1.0,125.0,1.0,128.0,1.0,124.75,1.0,,,124.0,1.0,,,123.0,3.0,,,122.5,1.0,,,122.25,1.0,,,122.0,1.0,,,121.0,1.0,,
181,Germany_Baseload#19#0#10000106,2021-10-20 07:08:08.474000,126.0,2.0,126.95,1.0,125.1,2.0,127.0,1.0,125.0,1.0,128.0,1.0,124.75,1.0,135.0,5.0,124.0,1.0,,,123.0,3.0,,,122.5,1.0,,,122.25,1.0,,,122.0,1.0,,,121.0,1.0,,
182,Germany_Baseload#19#0#10000106,2021-10-20 07:08:11.329000,126.0,2.0,126.95,1.0,125.1,2.0,127.0,1.0,125.0,1.0,128.0,1.0,124.75,1.0,134.6,5.0,124.0,1.0,,,123.0,3.0,,,122.5,1.0,,,122.25,1.0,,,122.0,1.0,,,121.0,1.0,,
183,Germany_Baseload#19#0#10000106,2021-10-20 07:08:19.333000,126.0,2.0,126.95,1.0,125.1,1.0,127.0,1.0,125.0,1.0,128.0,1.0,124.75,1.0,134.6,5.0,124.0,1.0,,,123.0,3.0,,,122.5,1.0,,,122.25,1.0,,,122.0,1.0,,,121.0,1.0,,
184,Germany_Baseload#19#0#10000106,2021-10-20 07:08:20.922000,126.0,2.0,126.95,1.0,125.1,1.0,127.0,1.0,125.0,1.0,128.0,1.0,124.75,1.0,135.4,5.0,124.0,1.0,,,123.0,3.0,,,122.5,1.0,,,122.25,1.0,,,122.0,1.0,,,121.0,1.0,,
185,Germany_Baseload#19#0#10000106,2021-10-20 07:08:24.091000,126.0,2.0,126.95,1.0,125.1,1.0,127.0,1.0,125.0,1.0,128.0,1.0,124.75,1.0,134.8,5.0,124.0,1.0,,,123.0,3.0,,,122.5,1.0,,,122.25,1.0,,,122.0,1.0,,,121.0,1.0,,
186,Germany_Baseload#19#0#10000106,2021-10-20 07:08:51.282000,126.0,1.0,126.95,1.0,125.1,1.0,127.0,1.0,125.0,1.0,128.0,1.0,124.75,1.0,,,124.0,1.0,,,123.0,3.0,,,122.5,1.0,,,122.25,1.0,,,122.0,1.0,,,121.0,1.0,,
187,Germany_Baseload#19#0#10000106,2021-10-20 07:08:51.455000,126.0,1.0,126.95,1.0,125.1,1.0,127.0,1.0,125.0,1.0,128.0,1.0,124.75,1.0,134.2,5.0,124.0,1.0,,,123.0,3.0,,,122.5,1.0,,,122.25,1.0,,,122.0,1.0,,,121.0,1.0,,
188,Germany_Baseload#19#0#10000106,2021-10-20 07:08:52.110000,125.1,1.0,126.95,1.0,125.0,1.0,127.0,1.0,124.75,1.0,128.0,1.0,124.0,1.0,134.2,5.0,123.0,3.0,,,122.5,1.0,,,122.25,1.0,,,122.0,1.0,,,121.0,1.0,,,114.0,1.0,,
189,Germany_Baseload#19#0#10000106,2021-10-20 07:09:00.755000,125.1,2.0,126.95,1.0,125.0,1.0,127.0,1.0,124.75,1.0,128.0,1.0,124.0,1.0,134.2,5.0,123.0,3.0,,,122.5,1.0,,,122.25,1.0,,,122.0,1.0,,,121.0,1.0,,,114.0,1.0,,
190,Germany_Baseload#19#0#10000106,2021-10-20 07:09:11.969000,125.1,2.0,126.95,1.0,125.0,1.0,127.0,1.0,124.75,1.0,128.0,1.0,124.0,1.0,134.0,5.0,123.0,3.0,,,122.5,1.0,,,122.25,1.0,,,122.0,1.0,,,121.0,1.0,,,114.0,1.0,,
191,Germany_Baseload#19#0#10000106,2021-10-20 07:09:50.901000,125.1,2.0,126.0,1.0,125.0,1.0,126.95,1.0,124.75,1.0,127.0,1.0,124.0,1.0,128.0,1.0,123.0,3.0,134.0,5.0,122.5,1.0,,,122.25,1.0,,,122.0,1.0,,,121.0,1.0,,,114.0,1.0,,
192,Germany_Baseload#19#0#10000106,2021-10-20 07:09:50.902000,125.1,2.0,126.0,1.0,125.0,1.0,126.95,1.0,124.75,1.0,127.0,1.0,124.0,1.0,128.0,1.0,123.0,3.0,134.0,5.0,122.5,1.0,,,122.25,1.0,,,122.0,1.0,,,121.0,1.0,,,114.0,1.0,,
193,Germany_Baseload#19#0#10000106,2021-10-20 07:10:23.817000,125.1,2.0,126.0,1.0,125.0,1.0,126.95,1.0,124.75,1.0,127.0,1.0,124.0,1.0,128.0,1.0,123.0,3.0,133.8,5.0,122.5,1.0,,,122.25,1.0,,,122.0,1.0,,,121.0,1.0,,,114.0,1.0,,
194,Germany_Baseload#19#0#10000106,2021-10-20 07:10:32.234000,125.1,1.0,126.0,1.0,125.0,1.0,126.95,1.0,124.75,1.0,127.0,1.0,124.0,1.0,128.0,1.0,123.0,3.0,133.8,5.0,122.5,1.0,,,122.25,1.0,,,122.0,1.0,,,121.0,1.0,,,114.0,1.0,,
195,Germany_Baseload#19#0#10000106,2021-10-20 07:10:36.683000,125.1,1.0,126.0,1.0,125.0,1.0,126.95,1.0,124.75,1.0,127.0,1.0,124.0,1.0,128.0,1.0,123.0,3.0,134.0,5.0,122.5,1.0,,,122.25,1.0,,,122.0,1.0,,,121.0,1.0,,,114.0,1.0,,
196,Germany_Baseload#19#0#10000106,2021-10-20 07:11:17.741000,125.1,1.0,126.0,1.0,125.0,1.0,126.95,1.0,124.75,1.0,127.0,1.0,124.0,1.0,128.0,1.0,123.0,3.0,133.8,5.0,122.5,1.0,,,122.25,1.0,,,122.0,1.0,,,121.0,1.0,,,114.0,1.0,,
197,Germany_Baseload#19#0#10000106,2021-10-20 07:11:31.314000,125.1,1.0,126.0,1.0,125.0,1.0,126.95,1.0,124.75,1.0,127.0,1.0,124.0,1.0,128.0,1.0,123.0,3.0,,,122.5,1.0,,,122.25,1.0,,,122.0,1.0,,,121.0,1.0,,,114.0,1.0,,
198,Germany_Baseload#19#0#10000106,2021-10-20 07:11:34.074000,125.1,1.0,126.0,1.0,125.0,1.0,126.95,1.0,124.75,1.0,127.0,1.0,124.0,1.0,128.0,1.0,123.0,3.0,133.8,5.0,122.5,1.0,,,122.25,1.0,,,122.0,1.0,,,121.0,1.0,,,114.0,1.0,,
199,Germany_Baseload#19#0#10000106,2021-10-20 07:11:41.906000,125.15,1.0,126.0,1.0,125.1,1.0,126.95,1.0,125.0,1.0,127.0,1.0,124.75,1.0,128.0,1.0,124.0,1.0,133.8,5.0,123.0,3.0,,,122.5,1.0,,,122.25,1.0,,,122.0,1.0,,,121.0,1.0,,
200,Germany_Baseload#19#0#10000106,2021-10-20 07:11:52.671000,125.15,1.0,126.0,1.0,125.1,1.0,126.95,1.0,125.0,1.0,127.0,1.0,124.75,1.0,128.0,1.0,124.0,1.0,133.6,5.0,123.0,3.0,,,122.5,1.0,,,122.25,1.0,,,122.0,1.0,,,121.0,1.0,,
201,Germany_Baseload#19#0#10000106,2021-10-20 07:12:13.765000,125.15,1.0,126.0,1.0,125.1,1.0,126.95,1.0,125.0,1.0,127.0,1.0,124.75,1.0,128.0,1.0,124.0,1.0,133.4,5.0,123.0,3.0,,,122.5,1.0,,,122.25,1.0,,,122.0,1.0,,,121.0,1.0,,
202,Germany_Baseload#19#0#10000106,2021-10-20 07:12:27.861000,125.15,1.0,126.0,1.0,125.1,1.0,126.95,1.0,125.0,1.0,127.0,1.0,124.75,1.0,128.0,1.0,124.0,1.0,133.2,5.0,123.0,3.0,,,122.5,1.0,,,122.25,1.0,,,122.0,1.0,,,121.0,1.0,,
203,Germany_Baseload#19#0#10000106,2021-10-20 07:13:00.593000,125.15,1.0,126.0,1.0,125.1,1.0,126.95,1.0,125.0,1.0,127.0,1.0,124.75,1.0,128.0,1.0,124.0,1.0,133.6,5.0,123.0,3.0,,,122.5,1.0,,,122.25,1.0,,,122.0,1.0,,,121.0,1.0,,
204,Germany_Baseload#19#0#10000106,2021-10-20 07:13:00.962000,125.15,1.0,126.0,1.0,125.1,1.0,126.95,1.0,125.0,1.0,127.0,1.0,124.75,1.0,128.0,1.0,124.0,1.0,133.4,5.0,123.0,3.0,,,122.5,1.0,,,122.25,1.0,,,122.0,1.0,,,121.0,1.0,,
205,Germany_Baseload#19#0#10000106,2021-10-20 07:13:09.838000,125.15,1.0,126.0,1.0,125.1,1.0,126.95,1.0,125.0,1.0,127.0,1.0,124.75,1.0,128.0,1.0,124.0,1.0,133.6,5.0,123.0,3.0,,,122.5,1.0,,,122.25,1.0,,,122.0,1.0,,,121.0,1.0,,
206,Germany_Baseload#19#0#10000106,2021-10-20 07:13:49.007000,125.15,1.0,126.0,1.0,125.1,1.0,126.95,1.0,125.0,1.0,127.0,1.0,124.75,1.0,128.0,1.0,124.0,1.0,,,123.0,3.0,,,122.5,1.0,,,122.25,1.0,,,122.0,1.0,,,121.0,1.0,,
207,Germany_Baseload#19#0#10000106,2021-10-20 07:13:49.232000,125.15,1.0,126.0,1.0,125.1,1.0,126.95,1.0,125.0,1.0,127.0,1.0,124.75,1.0,128.0,1.0,124.0,1.0,133.8,5.0,123.0,3.0,,,122.5,1.0,,,122.25,1.0,,,122.0,1.0,,,121.0,1.0,,
208,Germany_Baseload#19#0#10000106,2021-10-20 07:13:49.420000,125.15,1.0,126.0,1.0,125.1,1.0,126.95,1.0,125.0,1.0,127.0,1.0,124.75,1.0,128.0,1.0,124.0,1.0,,,123.0,3.0,,,122.5,1.0,,,122.25,1.0,,,122.0,1.0,,,121.0,1.0,,
209,Germany_Baseload#19#0#10000106,2021-10-20 07:13:49.585000,125.15,1.0,126.0,1.0,125.1,1.0,126.95,1.0,125.0,1.0,127.0,1.0,124.75,1.0,128.0,1.0,124.0,1.0,133.8,5.0,123.0,3.0,,,122.5,1.0,,,122.25,1.0,,,122.0,1.0,,,121.0,1.0,,
210,Germany_Baseload#19#0#10000106,2021-10-20 07:14:15.452000,125.1,1.0,126.0,1.0,125.0,1.0,126.95,1.0,124.75,1.0,127.0,1.0,124.0,1.0,128.0,1.0,123.0,3.0,133.8,5.0,122.5,1.0,,,122.25,1.0,,,122.0,1.0,,,121.0,1.0,,,114.0,1.0,,
211,Germany_Baseload#19#0#10000106,2021-10-20 07:14:33.461000,125.1,1.0,126.0,1.0,125.0,1.0,126.95,1.0,124.75,1.0,127.0,1.0,124.0,1.0,128.0,1.0,123.0,3.0,133.6,5.0,122.5,1.0,,,122.25,1.0,,,122.0,1.0,,,121.0,1.0,,,114.0,1.0,,
212,Germany_Baseload#19#0#10000106,2021-10-20 07:17:01.218000,125.1,1.0,126.0,1.0,125.0,1.0,126.95,1.0,124.75,1.0,127.0,1.0,124.0,1.0,128.0,1.0,123.0,3.0,133.4,5.0,122.5,1.0,,,122.25,1.0,,,122.0,1.0,,,121.0,1.0,,,114.0,1.0,,
213,Germany_Baseload#19#0#10000106,2021-10-20 07:17:15.293000,125.1,1.0,126.0,1.0,125.0,1.0,126.95,1.0,124.75,1.0,127.0,1.0,124.0,1.0,128.0,1.0,123.0,3.0,133.6,5.0,122.5,1.0,,,122.25,1.0,,,122.0,1.0,,,121.0,1.0,,,114.0,1.0,,
214,Germany_Baseload#19#0#10000106,2021-10-20 07:17:22.166000,125.1,1.0,126.0,1.0,125.0,1.0,126.95,1.0,124.75,1.0,127.0,1.0,124.0,1.0,128.0,1.0,123.0,3.0,133.8,5.0,122.5,1.0,,,122.25,1.0,,,122.0,1.0,,,121.0,1.0,,,114.0,1.0,,
215,Germany_Baseload#19#0#10000106,2021-10-20 07:17:33.579000,125.1,1.0,126.0,1.0,125.0,1.0,126.95,1.0,124.75,1.0,127.0,1.0,124.0,1.0,128.0,1.0,123.0,3.0,133.6,5.0,122.5,1.0,,,122.25,1.0,,,122.0,1.0,,,121.0,1.0,,,114.0,1.0,,
216,Germany_Baseload#19#0#10000106,2021-10-20 07:18:34.514000,125.1,1.0,126.0,1.0,125.0,1.0,126.95,1.0,124.75,1.0,127.0,1.0,124.0,1.0,128.0,1.0,123.0,3.0,133.8,5.0,122.5,1.0,,,122.25,1.0,,,122.0,1.0,,,121.0,1.0,,,114.0,1.0,,
217,Germany_Baseload#19#0#10000106,2021-10-20 07:18:34.689000,125.1,1.0,126.0,1.0,125.0,1.0,126.95,1.0,124.75,1.0,127.0,1.0,124.0,1.0,128.0,1.0,123.0,3.0,133.6,5.0,122.5,1.0,,,122.25,1.0,,,122.0,1.0,,,121.0,1.0,,,114.0,1.0,,
218,Germany_Baseload#19#0#10000106,2021-10-20 07:18:38.972000,125.1,1.0,126.0,1.0,125.0,1.0,126.95,1.0,124.75,1.0,127.0,1.0,124.0,1.0,128.0,1.0,123.0,3.0,130.8,5.0,122.5,1.0,,,122.25,1.0,,,122.0,1.0,,,121.0,1.0,,,114.0,1.0,,
219,Germany_Baseload#19#0#10000106,2021-10-20 07:18:39.091000,125.1,1.0,126.0,1.0,125.0,1.0,126.95,1.0,124.75,1.0,127.0,1.0,124.0,1.0,128.0,1.0,123.0,3.0,133.6,5.0,122.5,1.0,,,122.25,1.0,,,122.0,1.0,,,121.0,1.0,,,114.0,1.0,,
220,Germany_Baseload#19#0#10000106,2021-10-20 07:18:45.815000,125.1,1.0,126.0,1.0,125.0,1.0,126.95,1.0,124.75,1.0,127.0,1.0,124.0,1.0,128.0,1.0,123.0,3.0,135.0,5.0,122.5,1.0,,,122.25,1.0,,,122.0,1.0,,,121.0,1.0,,,114.0,1.0,,
221,Germany_Baseload#19#0#10000106,2021-10-20 07:18:52.004000,125.1,1.0,126.0,1.0,125.0,1.0,126.95,1.0,124.75,1.0,127.0,1.0,124.0,1.0,128.0,1.0,123.0,3.0,133.8,5.0,122.5,1.0,,,122.25,1.0,,,122.0,1.0,,,121.0,1.0,,,114.0,1.0,,
222,Germany_Baseload#19#0#10000106,2021-10-20 07:19:26.933000,125.1,1.0,126.95,1.0,125.0,1.0,127.0,1.0,124.75,1.0,128.0,1.0,124.0,1.0,134.0,5.0,123.0,3.0,,,122.5,1.0,,,122.25,1.0,,,122.0,1.0,,,121.0,1.0,,,114.0,1.0,,
223,Germany_Baseload#19#0#10000106,2021-10-20 07:19:27.015000,125.1,1.0,126.0,1.0,125.0,1.0,126.95,1.0,124.75,1.0,127.0,1.0,124.0,1.0,128.0,1.0,123.0,3.0,134.0,5.0,122.5,1.0,,,122.25,1.0,,,122.0,1.0,,,121.0,1.0,,,114.0,1.0,,
224,Germany_Baseload#19#0#10000106,2021-10-20 07:19:35.184000,125.1,1.0,126.95,1.0,125.0,1.0,127.0,1.0,124.75,1.0,128.0,1.0,124.0,1.0,136.2,5.0,123.0,3.0,,,122.5,1.0,,,122.25,1.0,,,122.0,1.0,,,121.0,1.0,,,114.0,1.0,,
225,Germany_Baseload#19#0#10000106,2021-10-20 07:19:39.218000,125.1,1.0,126.95,1.0,125.0,1.0,127.0,1.0,124.75,1.0,128.0,1.0,124.0,1.0,134.0,5.0,123.0,3.0,,,122.5,1.0,,,122.25,1.0,,,122.0,1.0,,,121.0,1.0,,,114.0,1.0,,
226,Germany_Baseload#19#0#10000106,2021-10-20 07:19:54.954000,125.1,1.0,126.95,1.0,125.0,1.0,127.0,1.0,124.75,1.0,128.0,1.0,124.0,1.0,134.2,5.0,123.0,3.0,,,122.5,1.0,,,122.25,1.0,,,122.0,1.0,,,121.0,1.0,,,114.0,1.0,,
227,Germany_Baseload#19#0#10000106,2021-10-20 07:20:20.272000,125.1,1.0,126.95,1.0,125.0,1.0,127.0,1.0,124.75,1.0,128.0,1.0,124.0,1.0,,,123.0,3.0,,,122.5,1.0,,,122.25,1.0,,,122.0,1.0,,,121.0,1.0,,,114.0,1.0,,
228,Germany_Baseload#19#0#10000106,2021-10-20 07:20:20.466000,125.1,1.0,126.95,1.0,125.0,1.0,127.0,1.0,124.75,1.0,128.0,1.0,124.0,1.0,134.2,5.0,123.0,3.0,,,122.5,1.0,,,122.25,1.0,,,122.0,1.0,,,121.0,1.0,,,114.0,1.0,,
229,Germany_Baseload#19#0#10000106,2021-10-20 07:20:35.983000,125.1,1.0,126.95,1.0,125.0,1.0,127.0,1.0,124.75,1.0,128.0,1.0,124.0,1.0,134.4,5.0,123.0,3.0,,,122.5,1.0,,,122.25,1.0,,,122.0,1.0,,,121.0,1.0,,,114.0,1.0,,
230,Germany_Baseload#19#0#10000106,2021-10-20 07:20:37.056000,125.1,1.0,126.95,1.0,125.0,1.0,127.0,1.0,124.75,1.0,128.0,1.0,124.0,1.0,134.2,5.0,123.0,3.0,,,122.5,1.0,,,122.25,1.0,,,122.0,1.0,,,121.0,1.0,,,114.0,1.0,,
231,Germany_Baseload#19#0#10000106,2021-10-20 07:20:48.613000,125.1,1.0,126.95,1.0,125.0,1.0,127.0,1.0,124.75,1.0,128.0,1.0,124.0,1.0,,,123.0,3.0,,,122.5,1.0,,,122.25,1.0,,,122.0,1.0,,,121.0,1.0,,,114.0,1.0,,
232,Germany_Baseload#19#0#10000106,2021-10-20 07:20:48.823000,125.1,1.0,126.95,1.0,125.0,1.0,127.0,1.0,124.75,1.0,128.0,1.0,124.0,1.0,134.2,5.0,123.0,3.0,,,122.5,1.0,,,122.25,1.0,,,122.0,1.0,,,121.0,1.0,,,114.0,1.0,,
233,Germany_Baseload#19#0#10000106,2021-10-20 07:21:00.194000,125.25,1.0,126.95,1.0,125.1,1.0,127.0,1.0,125.0,1.0,128.0,1.0,124.75,1.0,134.2,5.0,124.0,1.0,,,123.0,3.0,,,122.5,1.0,,,122.25,1.0,,,122.0,1.0,,,121.0,1.0,,
234,Germany_Baseload#19#0#10000106,2021-10-20 07:21:02.405000,125.25,1.0,126.95,1.0,125.1,1.0,127.0,1.0,125.0,1.0,128.0,1.0,124.75,1.0,134.0,5.0,124.0,1.0,,,123.0,3.0,,,122.5,1.0,,,122.25,1.0,,,122.0,1.0,,,121.0,1.0,,
235,Germany_Baseload#19#0#10000106,2021-10-20 07:21:20.275000,125.25,1.0,126.95,1.0,125.1,1.0,127.0,1.0,125.0,1.0,128.0,1.0,124.75,1.0,133.8,5.0,124.0,1.0,,,123.0,3.0,,,122.5,1.0,,,122.25,1.0,,,122.0,1.0,,,121.0,1.0,,
236,Germany_Baseload#19#0#10000106,2021-10-20 07:21:24.645000,125.25,1.0,126.95,1.0,125.1,1.0,127.0,1.0,125.0,1.0,128.0,1.0,124.75,1.0,134.0,5.0,124.0,1.0,,,123.0,3.0,,,122.5,1.0,,,122.25,1.0,,,122.0,1.0,,,121.0,1.0,,
237,Germany_Baseload#19#0#10000106,2021-10-20 07:21:29.101000,125.25,1.0,126.95,1.0,125.1,1.0,127.0,1.0,125.0,1.0,128.0,1.0,124.75,1.0,,,124.0,1.0,,,123.0,3.0,,,122.5,1.0,,,122.25,1.0,,,122.0,1.0,,,121.0,1.0,,
238,Germany_Baseload#19#0#10000106,2021-10-20 07:21:29.315000,125.25,1.0,126.95,1.0,125.1,1.0,127.0,1.0,125.0,1.0,128.0,1.0,124.75,1.0,136.4,5.0,124.0,1.0,,,123.0,3.0,,,122.5,1.0,,,122.25,1.0,,,122.0,1.0,,,121.0,1.0,,
239,Germany_Baseload#19#0#10000106,2021-10-20 07:21:38.107000,125.25,1.0,126.95,1.0,125.1,1.0,127.0,1.0,125.0,1.0,128.0,1.0,124.75,1.0,134.2,5.0,124.0,1.0,,,123.0,3.0,,,122.5,1.0,,,122.25,1.0,,,122.0,1.0,,,121.0,1.0,,
240,Germany_Baseload#19#0#10000106,2021-10-20 07:25:37.437000,125.25,1.0,126.95,1.0,125.1,1.0,127.0,1.0,125.0,1.0,128.0,1.0,124.75,1.0,134.2,5.0,124.0,1.0,,,123.5,1.0,,,123.0,3.0,,,122.5,1.0,,,122.25,1.0,,,122.0,1.0,,
241,Germany_Baseload#19#0#10000106,2021-10-20 07:25:44.150000,125.25,1.0,126.95,1.0,125.1,1.0,127.0,1.0,125.0,1.0,128.0,1.0,124.75,1.0,128.5,1.0,124.0,1.0,134.2,5.0,123.5,1.0,,,123.0,3.0,,,122.5,1.0,,,122.25,1.0,,,122.0,1.0,,
242,Germany_Baseload#19#0#10000106,2021-10-20 07:26:20.707000,125.25,1.0,126.95,1.0,125.1,1.0,127.0,1.0,125.0,1.0,128.0,1.0,124.75,1.0,128.5,1.0,124.0,1.0,133.8,5.0,123.5,1.0,,,123.0,3.0,,,122.5,1.0,,,122.25,1.0,,,122.0,1.0,,
243,Germany_Baseload#19#0#10000106,2021-10-20 07:26:21.735000,125.25,1.0,126.95,1.0,125.1,1.0,127.0,1.0,125.0,1.0,128.0,1.0,124.75,1.0,128.5,1.0,124.0,1.0,135.4,5.0,123.5,1.0,,,123.0,3.0,,,122.5,1.0,,,122.25,1.0,,,122.0,1.0,,
244,Germany_Baseload#19#0#10000106,2021-10-20 07:26:25.149000,125.25,1.0,126.95,1.0,125.1,1.0,127.0,1.0,125.0,1.0,128.0,1.0,124.75,1.0,128.5,1.0,124.0,1.0,133.8,5.0,123.5,1.0,,,123.0,3.0,,,122.5,1.0,,,122.25,1.0,,,122.0,1.0,,
245,Germany_Baseload#19#0#10000106,2021-10-20 07:27:27.111000,125.25,1.0,126.95,1.0,125.1,1.0,127.0,1.0,125.0,1.0,128.0,1.0,124.75,1.0,128.5,1.0,124.0,1.0,133.8,5.0,123.5,1.0,,,123.0,3.0,,,122.5,1.0,,,122.25,1.0,,,122.0,1.0,,
246,Germany_Baseload#19#0#10000106,2021-10-20 07:27:28.861000,125.25,1.0,126.95,1.0,125.1,1.0,127.0,1.0,125.0,1.0,128.0,1.0,124.75,1.0,128.5,1.0,124.0,1.0,134.0,5.0,123.5,1.0,,,123.0,3.0,,,122.5,1.0,,,122.25,1.0,,,122.0,1.0,,
247,Germany_Baseload#19#0#10000106,2021-10-20 07:27:50.692000,125.25,1.0,126.95,1.0,125.1,1.0,127.0,1.0,125.0,1.0,128.0,1.0,124.75,1.0,128.5,1.0,124.0,1.0,134.0,5.0,123.5,1.0,,,123.0,3.0,,,122.5,1.0,,,122.25,1.0,,,122.0,1.0,,
248,Germany_Baseload#19#0#10000106,2021-10-20 07:28:14.230000,125.25,1.0,126.95,1.0,125.1,1.0,127.0,1.0,125.0,1.0,128.0,1.0,124.75,1.0,128.5,1.0,124.0,1.0,133.8,5.0,123.5,1.0,,,123.0,3.0,,,122.5,1.0,,,122.25,1.0,,,122.0,1.0,,
249,Germany_Baseload#19#0#10000106,2021-10-20 07:28:18.254000,125.25,1.0,126.95,1.0,125.1,1.0,127.0,1.0,125.0,1.0,128.0,1.0,124.75,1.0,128.5,1.0,124.0,1.0,134.0,5.0,123.5,1.0,,,123.0,3.0,,,122.5,1.0,,,122.25,1.0,,,122.0,1.0,,
250,Germany_Baseload#19#0#10000106,2021-10-20 07:28:32.197000,125.25,1.0,126.95,1.0,125.0,1.0,127.0,1.0,124.75,2.0,128.0,1.0,124.0,1.0,128.5,1.0,123.5,1.0,134.0,5.0,123.0,3.0,,,122.5,1.0,,,122.25,1.0,,,122.0,1.0,,,121.0,1.0,,
251,Germany_Baseload#19#0#10000106,2021-10-20 07:28:51.572000,125.25,1.0,126.95,1.0,125.1,1.0,127.0,1.0,125.0,1.0,128.0,1.0,124.75,2.0,128.5,1.0,124.0,1.0,134.0,5.0,123.5,1.0,,,123.0,3.0,,,122.5,1.0,,,122.25,1.0,,,122.0,1.0,,
252,Germany_Baseload#19#0#10000106,2021-10-20 07:29:45.619000,125.25,1.0,126.95,1.0,125.1,1.0,127.0,1.0,125.0,1.0,128.0,1.0,124.75,2.0,128.5,1.0,124.0,1.0,133.8,5.0,123.5,1.0,,,123.0,3.0,,,122.5,1.0,,,122.25,1.0,,,122.0,1.0,,
253,Germany_Baseload#19#0#10000106,2021-10-20 07:30:36.535000,125.25,1.0,126.95,1.0,125.1,1.0,127.0,1.0,125.0,1.0,128.0,1.0,124.75,2.0,128.5,1.0,124.0,1.0,133.8,5.0,123.0,3.0,,,122.5,1.0,,,122.25,1.0,,,122.0,1.0,,,121.0,1.0,,
254,Germany_Baseload#19#0#10000106,2021-10-20 07:30:41.963000,125.25,1.0,126.95,1.0,125.1,1.0,127.0,1.0,125.0,1.0,128.0,1.0,124.75,2.0,133.8,5.0,124.0,1.0,,,123.0,3.0,,,122.5,1.0,,,122.25,1.0,,,122.0,1.0,,,121.0,1.0,,
255,Germany_Baseload#19#0#10000106,2021-10-20 07:31:42.212000,125.25,1.0,126.95,1.0,125.1,1.0,127.0,1.0,125.0,1.0,128.0,1.0,124.75,2.0,134.0,5.0,124.0,1.0,,,123.0,3.0,,,122.5,1.0,,,122.25,1.0,,,122.0,1.0,,,121.0,1.0,,
256,Germany_Baseload#19#0#10000106,2021-10-20 07:31:51.501000,125.25,1.0,126.95,1.0,125.1,1.0,127.0,1.0,125.0,1.0,128.0,1.0,124.75,2.0,134.2,5.0,124.0,1.0,,,123.0,3.0,,,122.5,1.0,,,122.25,1.0,,,122.0,1.0,,,121.0,1.0,,
257,Germany_Baseload#19#0#10000106,2021-10-20 07:31:59.515000,125.25,1.0,126.95,1.0,125.1,1.0,127.0,1.0,125.0,1.0,128.0,1.0,124.75,2.0,134.0,5.0,124.0,1.0,,,123.0,3.0,,,122.5,1.0,,,122.25,1.0,,,122.0,1.0,,,121.0,1.0,,
258,Germany_Baseload#19#0#10000106,2021-10-20 07:32:05.468000,125.25,1.0,126.95,1.0,125.1,1.0,127.0,1.0,125.0,1.0,128.0,1.0,124.75,2.0,136.0,5.0,124.0,1.0,,,123.0,3.0,,,122.5,1.0,,,122.25,1.0,,,122.0,1.0,,,121.0,1.0,,
259,Germany_Baseload#19#0#10000106,2021-10-20 07:32:12.790000,125.25,1.0,126.95,1.0,125.1,1.0,127.0,1.0,125.0,1.0,128.0,1.0,124.75,2.0,134.0,5.0,124.0,1.0,,,123.0,3.0,,,122.5,1.0,,,122.25,1.0,,,122.0,1.0,,,121.0,1.0,,
260,Germany_Baseload#19#0#10000106,2021-10-20 07:32:16.774000,125.25,1.0,126.95,1.0,125.1,1.0,127.0,1.0,125.0,1.0,128.0,1.0,124.75,2.0,136.0,5.0,124.0,1.0,,,123.0,3.0,,,122.5,1.0,,,122.25,1.0,,,122.0,1.0,,,121.0,1.0,,
261,Germany_Baseload#19#0#10000106,2021-10-20 07:32:21.811000,125.25,1.0,126.95,1.0,125.1,1.0,127.0,1.0,125.0,1.0,128.0,1.0,124.75,2.0,134.2,5.0,124.0,1.0,,,123.0,3.0,,,122.5,1.0,,,122.25,1.0,,,122.0,1.0,,,121.0,1.0,,
262,Germany_Baseload#19#0#10000106,2021-10-20 07:32:28.270000,125.25,1.0,126.95,1.0,125.1,1.0,127.0,1.0,125.0,1.0,128.0,1.0,124.75,2.0,136.2,5.0,124.0,1.0,,,123.0,3.0,,,122.5,1.0,,,122.25,1.0,,,122.0,1.0,,,121.0,1.0,,
263,Germany_Baseload#19#0#10000106,2021-10-20 07:32:30.658000,125.25,1.0,126.95,1.0,125.1,1.0,127.0,1.0,125.0,1.0,128.0,1.0,124.75,2.0,134.4,5.0,124.0,1.0,,,123.0,3.0,,,122.5,1.0,,,122.25,1.0,,,122.0,1.0,,,121.0,1.0,,
264,Germany_Baseload#19#0#10000106,2021-10-20 07:32:41.113000,125.25,1.0,126.95,1.0,125.1,1.0,127.0,1.0,125.0,1.0,128.0,1.0,124.75,2.0,,,124.0,1.0,,,123.0,3.0,,,122.5,1.0,,,122.25,1.0,,,122.0,1.0,,,121.0,1.0,,
265,Germany_Baseload#19#0#10000106,2021-10-20 07:32:46.974000,125.25,1.0,127.0,1.0,125.1,1.0,128.0,1.0,125.0,1.0,,,124.75,2.0,,,124.0,1.0,,,123.0,3.0,,,122.5,1.0,,,122.25,1.0,,,122.0,1.0,,,121.0,1.0,,
266,Germany_Baseload#19#0#10000106,2021-10-20 07:32:46.975000,125.25,1.0,127.0,1.0,125.1,1.0,128.0,1.0,125.0,1.0,128.2,1.0,124.75,2.0,,,124.0,1.0,,,123.0,3.0,,,122.5,1.0,,,122.25,1.0,,,122.0,1.0,,,121.0,1.0,,
267,Germany_Baseload#19#0#10000106,2021-10-20 07:32:47.007000,125.25,1.0,127.0,1.0,125.1,1.0,128.0,1.0,125.0,1.0,128.3,1.0,124.75,2.0,,,124.0,1.0,,,123.0,3.0,,,122.5,1.0,,,122.25,1.0,,,122.0,1.0,,,121.0,1.0,,
268,Germany_Baseload#19#0#10000106,2021-10-20 07:32:47.153000,125.25,1.0,127.0,1.0,125.1,1.0,128.0,1.0,125.0,1.0,132.5,1.0,124.75,2.0,,,124.0,1.0,,,123.0,3.0,,,122.5,1.0,,,122.25,1.0,,,122.0,1.0,,,121.0,1.0,,
269,Germany_Baseload#19#0#10000106,2021-10-20 07:32:56.696000,125.25,1.0,127.0,1.0,125.1,1.0,128.0,1.0,125.0,1.0,132.5,1.0,124.75,2.0,,,124.0,1.0,,,123.0,2.0,,,122.5,1.0,,,122.25,1.0,,,122.0,1.0,,,121.0,1.0,,
270,Germany_Baseload#19#0#10000106,2021-10-20 07:33:01.046000,125.25,1.0,127.0,1.0,125.1,1.0,128.0,1.0,125.0,1.0,132.5,1.0,124.75,2.0,,,124.0,1.0,,,123.0,2.0,,,122.5,1.0,,,122.25,1.0,,,122.0,1.0,,,121.0,1.0,,
271,Germany_Baseload#19#0#10000106,2021-10-20 07:33:01.095000,125.25,1.0,127.0,1.0,125.1,1.0,128.0,1.0,125.0,1.0,128.25,1.0,124.75,2.0,,,124.0,1.0,,,123.0,2.0,,,122.5,1.0,,,122.25,1.0,,,122.0,1.0,,,121.0,1.0,,
272,Germany_Baseload#19#0#10000106,2021-10-20 07:33:13.993000,125.25,1.0,127.0,1.0,125.1,1.0,128.0,1.0,125.0,1.0,128.25,1.0,124.75,2.0,128.4,1.0,124.0,1.0,,,123.0,2.0,,,122.5,1.0,,,122.25,1.0,,,122.0,1.0,,,121.0,1.0,,
273,Germany_Baseload#19#0#10000106,2021-10-20 07:33:21.756000,125.25,1.0,127.0,1.0,125.1,1.0,128.0,1.0,125.0,1.0,128.25,1.0,124.75,2.0,128.4,1.0,124.0,1.0,,,123.0,2.0,,,122.5,1.0,,,122.25,1.0,,,122.0,1.0,,,121.0,1.0,,
274,Germany_Baseload#19#0#10000106,2021-10-20 07:33:37.282000,125.25,1.0,127.0,1.0,125.1,1.0,128.0,1.0,125.0,1.0,128.25,1.0,124.75,2.0,128.5,1.0,124.0,1.0,,,123.0,2.0,,,122.5,1.0,,,122.25,1.0,,,122.0,1.0,,,121.0,1.0,,
275,Germany_Baseload#19#0#10000106,2021-10-20 07:33:42.489000,125.25,1.0,127.0,5.0,125.1,1.0,128.0,1.0,125.0,1.0,128.25,1.0,124.75,2.0,128.5,1.0,124.0,1.0,,,123.0,2.0,,,122.5,1.0,,,122.25,1.0,,,122.0,1.0,,,121.0,1.0,,
276,Germany_Baseload#19#0#10000106,2021-10-20 07:33:52.766000,125.25,1.0,127.0,5.0,125.1,1.0,128.0,1.0,125.0,1.0,128.25,1.0,124.75,2.0,128.5,1.0,124.0,2.0,,,123.0,2.0,,,122.5,1.0,,,122.25,1.0,,,122.0,1.0,,,121.0,1.0,,
277,Germany_Baseload#19#0#10000106,2021-10-20 07:34:45.244000,125.25,1.0,127.0,5.0,125.1,1.0,128.0,1.0,125.0,1.0,128.25,1.0,124.75,2.0,128.5,1.0,124.0,2.0,,,123.0,2.0,,,122.5,1.0,,,122.25,1.0,,,122.0,1.0,,,121.0,1.0,,
278,Germany_Baseload#19#0#10000106,2021-10-20 07:34:57.804000,125.25,1.0,127.0,5.0,125.1,1.0,128.0,1.0,125.0,1.0,128.25,1.0,124.75,2.0,,,124.0,2.0,,,123.0,2.0,,,122.5,1.0,,,122.25,1.0,,,122.0,1.0,,,121.0,1.0,,
279,Germany_Baseload#19#0#10000106,2021-10-20 07:34:57.805000,125.25,1.0,127.0,6.0,125.1,1.0,128.0,1.0,125.0,1.0,,,124.75,2.0,,,124.0,2.0,,,123.0,2.0,,,122.5,1.0,,,122.25,1.0,,,122.0,1.0,,,121.0,1.0,,
280,Germany_Baseload#19#0#10000106,2021-10-20 07:34:58.566000,125.25,1.0,127.0,7.0,125.1,1.0,128.0,1.0,125.0,1.0,129.0,1.0,124.75,2.0,,,124.0,2.0,,,123.0,2.0,,,122.5,1.0,,,122.25,1.0,,,122.0,1.0,,,121.0,1.0,,
281,Germany_Baseload#19#0#10000106,2021-10-20 07:35:07.640000,126.0,1.0,127.0,7.0,125.25,1.0,128.0,1.0,125.1,1.0,129.0,1.0,125.0,1.0,,,124.75,2.0,,,124.0,2.0,,,123.0,2.0,,,122.5,1.0,,,122.25,1.0,,,122.0,1.0,,
282,Germany_Baseload#19#0#10000106,2021-10-20 07:35:27.111000,126.0,1.0,127.0,7.0,125.25,1.0,128.0,1.0,125.1,1.0,129.0,1.0,125.0,1.0,,,124.75,2.0,,,124.5,1.0,,,124.0,2.0,,,123.0,2.0,,,122.5,1.0,,,122.25,1.0,,
283,Germany_Baseload#19#0#10000106,2021-10-20 07:35:27.112000,126.0,1.0,127.0,7.0,125.25,1.0,128.0,1.0,125.1,1.0,129.0,1.0,125.0,1.0,,,124.75,2.0,,,124.5,1.0,,,124.0,1.0,,,123.0,2.0,,,122.5,1.0,,,122.25,1.0,,
284,Germany_Baseload#19#0#10000106,2021-10-20 07:36:35.163000,126.0,1.0,127.0,6.0,125.25,1.0,127.3,1.0,125.1,1.0,128.0,1.0,125.0,1.0,129.0,1.0,124.75,2.0,,,124.5,1.0,,,124.0,1.0,,,123.0,2.0,,,122.5,1.0,,,122.25,1.0,,
285,Germany_Baseload#19#0#10000106,2021-10-20 07:37:13.256000,126.0,1.0,127.0,1.0,125.25,1.0,127.25,5.0,125.1,1.0,127.3,1.0,125.0,1.0,128.0,1.0,124.75,2.0,129.0,1.0,124.5,1.0,,,124.0,1.0,,,123.0,2.0,,,122.5,1.0,,,122.25,1.0,,
286,Germany_Baseload#19#0#10000106,2021-10-20 07:37:22.218000,126.0,1.0,127.25,5.0,125.25,1.0,127.3,1.0,125.1,1.0,128.0,1.0,125.0,1.0,129.0,1.0,124.75,2.0,,,124.5,1.0,,,124.0,1.0,,,123.0,2.0,,,122.5,1.0,,,122.25,1.0,,
287,Germany_Baseload#19#0#10000106,2021-10-20 07:37:22.249000,126.0,1.0,127.25,5.0,125.25,1.0,127.3,1.0,125.1,1.0,128.0,1.0,125.0,1.0,129.0,1.0,124.75,2.0,,,124.5,1.0,,,124.0,1.0,,,123.0,2.0,,,122.5,1.0,,,122.25,1.0,,
288,Germany_Baseload#19#0#10000106,2021-10-20 07:37:24.036000,126.0,1.0,127.25,5.0,125.25,1.0,127.3,1.0,125.1,1.0,128.0,1.0,125.0,1.0,129.0,1.0,124.75,2.0,129.25,1.0,124.5,1.0,,,124.0,1.0,,,123.0,2.0,,,122.5,1.0,,,122.25,1.0,,
289,Germany_Baseload#19#0#10000106,2021-10-20 07:37:31.609000,126.0,1.0,127.25,5.0,125.25,1.0,127.3,1.0,125.1,1.0,128.0,1.0,125.0,1.0,128.6,1.0,124.75,2.0,129.0,1.0,124.5,1.0,,,124.0,1.0,,,123.0,2.0,,,122.5,1.0,,,122.25,1.0,,
290,Germany_Baseload#19#0#10000106,2021-10-20 07:37:41.591000,126.0,1.0,127.25,5.0,125.25,1.0,127.3,1.0,125.1,1.0,128.0,1.0,125.0,1.0,128.6,1.0,124.75,1.0,129.0,1.0,124.0,1.0,,,123.0,2.0,,,122.5,1.0,,,122.25,1.0,,,122.0,1.0,,
291,Germany_Baseload#19#0#10000106,2021-10-20 07:37:47.774000,126.0,1.0,127.3,1.0,125.25,1.0,127.4,5.0,125.1,1.0,128.0,1.0,125.0,1.0,128.6,1.0,124.75,1.0,129.0,1.0,124.0,1.0,,,123.0,2.0,,,122.5,1.0,,,122.25,1.0,,,122.0,1.0,,
292,Germany_Baseload#19#0#10000106,2021-10-20 07:38:30.562000,125.25,1.0,127.3,1.0,125.1,1.0,127.4,5.0,125.0,1.0,128.0,1.0,124.75,1.0,128.6,1.0,124.0,1.0,129.0,1.0,123.0,2.0,,,122.5,1.0,,,122.25,1.0,,,122.0,1.0,,,121.0,1.0,,
293,Germany_Baseload#19#0#10000106,2021-10-20 07:38:30.602000,125.25,1.0,127.3,1.0,125.1,1.0,127.4,5.0,125.0,1.0,128.0,1.0,124.75,1.0,128.6,1.0,124.0,1.0,129.0,1.0,123.0,2.0,,,122.5,1.0,,,122.25,1.0,,,122.0,1.0,,,121.0,1.0,,
294,Germany_Baseload#19#0#10000106,2021-10-20 07:38:39.901000,125.25,1.0,127.3,1.0,125.1,1.0,127.4,5.0,125.0,1.0,128.0,1.0,124.75,2.0,128.6,1.0,124.0,1.0,129.0,1.0,123.0,2.0,,,122.5,1.0,,,122.25,1.0,,,122.0,1.0,,,121.0,1.0,,
295,Germany_Baseload#19#0#10000106,2021-10-20 07:39:01.233000,125.5,1.0,127.3,1.0,125.1,1.0,127.4,5.0,125.0,1.0,128.0,1.0,124.75,2.0,128.6,1.0,124.0,1.0,129.0,1.0,123.0,2.0,,,122.5,1.0,,,122.25,1.0,,,122.0,1.0,,,121.0,1.0,,
296,Germany_Baseload#19#0#10000106,2021-10-20 07:39:12.794000,125.5,1.0,127.3,1.0,125.1,1.0,127.4,5.0,125.0,1.0,128.0,1.0,124.75,2.0,128.4,1.0,124.0,1.0,129.0,1.0,123.0,2.0,,,122.5,1.0,,,122.25,1.0,,,122.0,1.0,,,121.0,1.0,,
297,Germany_Baseload#19#0#10000106,2021-10-20 07:39:40.305000,125.5,1.0,127.3,1.0,125.1,1.0,127.4,5.0,125.0,1.0,128.0,1.0,124.75,2.0,128.2,1.0,124.0,1.0,129.0,1.0,123.0,2.0,,,122.5,1.0,,,122.25,1.0,,,122.0,1.0,,,121.0,1.0,,
298,Germany_Baseload#19#0#10000106,2021-10-20 07:39:55.871000,125.5,1.0,127.3,1.0,125.1,1.0,127.4,5.0,125.0,1.0,128.0,1.0,124.75,2.0,128.2,1.0,124.0,1.0,129.0,5.0,123.0,2.0,,,122.5,1.0,,,122.25,1.0,,,122.0,1.0,,,121.0,1.0,,
299,Germany_Baseload#19#0#10000106,2021-10-20 07:40:01.335000,125.5,1.0,127.3,1.0,125.1,1.0,127.4,5.0,125.0,1.0,128.0,1.0,124.75,2.0,128.2,1.0,124.0,6.0,129.0,5.0,123.0,2.0,,,122.5,1.0,,,122.25,1.0,,,122.0,1.0,,,121.0,1.0,,
300,Germany_Baseload#19#0#10000106,2021-10-20 07:40:20.087000,126.0,1.0,127.3,1.0,125.5,1.0,127.4,5.0,125.1,1.0,128.0,1.0,125.0,1.0,128.2,1.0,124.75,2.0,129.0,5.0,124.0,6.0,,,123.0,2.0,,,122.5,1.0,,,122.25,1.0,,,122.0,1.0,,
301,Germany_Baseload#19#0#10000106,2021-10-20 07:40:50.491000,126.0,1.0,127.3,1.0,125.5,1.0,127.4,5.0,125.1,1.0,128.0,1.0,125.0,1.0,128.2,1.0,124.75,2.0,129.0,5.0,124.0,6.0,129.5,5.0,123.0,2.0,,,122.5,1.0,,,122.25,1.0,,,122.0,1.0,,
302,Germany_Baseload#19#0#10000106,2021-10-20 07:40:50.492000,126.0,1.0,127.3,1.0,125.5,1.0,127.4,5.0,125.1,1.0,128.0,1.0,125.0,1.0,128.2,1.0,124.75,2.0,129.0,1.0,124.0,6.0,129.5,5.0,123.0,2.0,,,122.5,1.0,,,122.25,1.0,,,122.0,1.0,,
303,Germany_Baseload#19#0#10000106,2021-10-20 07:40:53.940000,126.0,1.0,127.3,1.0,125.5,1.0,127.4,5.0,125.1,1.0,128.0,1.0,125.0,2.0,128.2,1.0,124.75,2.0,129.0,1.0,124.0,6.0,129.5,5.0,123.0,2.0,,,122.5,1.0,,,122.25,1.0,,,122.0,1.0,,
304,Germany_Baseload#19#0#10000106,2021-10-20 07:41:01.132000,126.0,1.0,127.3,1.0,125.5,1.0,127.4,5.0,125.1,1.0,128.0,1.0,125.0,2.0,128.2,1.0,124.75,2.0,129.0,1.0,124.5,5.0,129.5,5.0,124.0,1.0,,,123.0,2.0,,,122.5,1.0,,,122.25,1.0,,
305,Germany_Baseload#19#0#10000106,2021-10-20 07:44:06.243000,126.0,1.0,127.3,1.0,125.5,1.0,127.4,5.0,125.1,1.0,128.0,1.0,125.0,2.0,128.2,1.0,124.75,2.0,129.0,1.0,124.5,5.0,129.5,5.0,124.0,1.0,,,123.0,2.0,,,122.5,1.0,,,122.25,1.0,,
306,Germany_Baseload#19#0#10000106,2021-10-20 07:44:09.501000,126.0,1.0,127.3,1.0,125.5,1.0,127.4,5.0,125.1,1.0,128.0,1.0,125.0,2.0,128.2,1.0,124.75,2.0,129.0,1.0,124.5,5.0,129.5,5.0,124.0,1.0,,,123.0,2.0,,,122.5,1.0,,,122.25,1.0,,
307,Germany_Baseload#19#0#10000106,2021-10-20 07:44:55.232000,126.0,1.0,127.3,1.0,125.5,1.0,127.4,5.0,125.1,1.0,128.0,1.0,125.0,2.0,128.2,1.0,124.9,2.0,129.0,1.0,124.75,2.0,129.5,5.0,124.5,5.0,,,124.0,1.0,,,123.0,2.0,,,122.5,1.0,,
308,Germany_Baseload#19#0#10000106,2021-10-20 07:44:56.114000,126.0,1.0,127.3,1.0,125.5,1.0,127.4,1.0,125.1,1.0,128.0,1.0,125.0,2.0,128.2,1.0,124.9,2.0,129.0,1.0,124.75,2.0,129.5,5.0,124.5,5.0,,,124.0,1.0,,,123.0,2.0,,,122.5,1.0,,
309,Germany_Baseload#19#0#10000106,2021-10-20 07:44:59.045000,126.0,1.0,127.0,1.0,125.5,1.0,127.3,1.0,125.1,1.0,127.4,1.0,125.0,2.0,128.0,1.0,124.9,2.0,128.2,1.0,124.75,2.0,129.0,1.0,124.5,5.0,129.5,5.0,124.0,1.0,,,123.0,2.0,,,122.5,1.0,,
310,Germany_Baseload#19#0#10000106,2021-10-20 07:45:06.994000,126.0,1.0,127.0,1.0,125.5,1.0,127.3,1.0,125.1,1.0,127.4,1.0,125.0,2.0,128.0,1.0,124.9,2.0,128.2,1.0,124.75,2.0,129.0,1.0,124.5,5.0,129.5,5.0,124.0,1.0,,,123.0,2.0,,,122.5,1.0,,
311,Germany_Baseload#19#0#10000106,2021-10-20 07:45:16.724000,126.0,1.0,127.0,1.0,125.5,1.0,127.3,1.0,125.1,1.0,127.4,1.0,125.0,2.0,128.0,1.0,124.9,2.0,128.2,5.0,124.75,2.0,129.0,1.0,124.5,5.0,129.5,5.0,124.0,1.0,,,123.0,2.0,,,122.5,1.0,,
312,Germany_Baseload#19#0#10000106,2021-10-20 07:45:17.940000,126.0,1.0,127.0,1.0,125.5,1.0,127.3,1.0,125.1,1.0,127.4,6.0,125.0,2.0,128.0,1.0,124.9,2.0,128.2,5.0,124.75,2.0,129.0,1.0,124.5,5.0,,,124.0,1.0,,,123.0,2.0,,,122.5,1.0,,
313,Germany_Baseload#19#0#10000106,2021-10-20 07:45:19.105000,126.0,1.0,127.0,1.0,125.5,1.0,127.1,1.0,125.1,1.0,127.3,1.0,125.0,2.0,127.4,5.0,124.9,2.0,128.0,1.0,124.75,2.0,128.2,5.0,124.5,5.0,129.0,1.0,124.0,1.0,,,123.0,2.0,,,122.5,1.0,,
314,Germany_Baseload#19#0#10000106,2021-10-20 07:45:23.444000,126.0,1.0,127.0,1.0,125.5,1.0,127.1,1.0,125.1,1.0,127.3,1.0,125.0,2.0,127.4,5.0,124.9,2.0,128.0,1.0,124.75,2.0,128.2,5.0,124.7,5.0,129.0,1.0,124.0,1.0,,,123.0,2.0,,,122.5,1.0,,
315,Germany_Baseload#19#0#10000106,2021-10-20 07:46:57.162000,126.0,1.0,127.0,1.0,125.5,1.0,127.1,1.0,125.1,1.0,127.3,1.0,125.0,2.0,127.4,5.0,124.9,2.0,128.0,1.0,124.75,2.0,128.2,5.0,124.7,5.0,129.0,1.0,124.0,1.0,132.2,5.0,123.0,2.0,,,122.5,1.0,,
316,Germany_Baseload#19#0#10000106,2021-10-20 07:47:27.255000,126.0,1.0,127.0,1.0,125.5,1.0,127.1,1.0,125.1,1.0,127.3,1.0,125.0,2.0,127.4,5.0,124.9,2.0,128.0,1.0,124.75,2.0,128.2,5.0,124.7,5.0,129.0,1.0,124.0,1.0,132.2,5.0,123.0,1.0,,,122.5,1.0,,
317,Germany_Baseload#19#0#10000106,2021-10-20 07:48:01.371000,126.0,1.0,127.0,1.0,125.5,1.0,127.1,1.0,125.1,1.0,127.3,1.0,125.0,2.0,127.4,5.0,124.9,2.0,128.0,1.0,124.75,2.0,128.2,5.0,124.7,5.0,129.0,1.0,124.0,1.0,132.4,5.0,123.0,1.0,,,122.5,1.0,,
318,Germany_Baseload#19#0#10000106,2021-10-20 07:48:59.801000,126.0,1.0,127.0,1.0,125.5,1.0,127.1,1.0,125.1,1.0,127.3,1.0,125.0,2.0,127.4,5.0,124.75,2.0,128.0,1.0,124.7,5.0,128.2,5.0,124.0,1.0,129.0,1.0,123.0,1.0,132.4,5.0,122.5,1.0,,,122.25,1.0,,
319,Germany_Baseload#19#0#10000106,2021-10-20 07:49:00.382000,126.0,1.0,127.0,1.0,125.5,1.0,127.3,1.0,125.1,1.0,127.4,5.0,125.0,2.0,128.0,1.0,124.75,2.0,128.2,5.0,124.7,5.0,129.0,1.0,124.0,1.0,132.4,5.0,123.0,1.0,,,122.5,1.0,,,122.25,1.0,,
320,Germany_Baseload#19#0#10000106,2021-10-20 07:49:10.577000,126.0,1.0,127.0,1.0,125.5,1.0,127.3,1.0,125.1,1.0,127.4,5.0,125.0,2.0,127.6,1.0,124.75,2.0,128.0,1.0,124.7,5.0,128.2,5.0,124.0,1.0,129.0,1.0,123.0,1.0,132.4,5.0,122.5,1.0,,,122.25,1.0,,
321,Germany_Baseload#19#0#10000106,2021-10-20 07:49:11.520000,126.0,1.0,127.0,1.0,125.5,1.0,127.3,1.0,125.1,1.0,127.4,5.0,125.0,1.0,127.6,1.0,124.75,2.0,128.0,1.0,124.7,5.0,128.2,5.0,124.0,1.0,129.0,1.0,123.0,1.0,132.4,5.0,122.5,1.0,,,122.25,1.0,,
322,Germany_Baseload#19#0#10000106,2021-10-20 07:49:23.136000,126.0,1.0,127.0,1.0,125.5,1.0,127.3,1.0,125.1,1.0,127.4,5.0,125.0,1.0,127.6,1.0,124.75,2.0,128.0,1.0,124.7,5.0,128.2,5.0,124.0,1.0,129.0,1.0,123.0,1.0,132.2,5.0,122.5,1.0,,,122.25,1.0,,
323,Germany_Baseload#19#0#10000106,2021-10-20 07:49:27.098000,126.0,1.0,127.0,1.0,125.5,1.0,127.3,1.0,125.1,1.0,127.4,5.0,125.0,1.0,127.6,1.0,124.75,2.0,128.0,1.0,124.7,5.0,128.2,5.0,124.0,1.0,129.0,1.0,123.0,1.0,132.4,5.0,122.5,1.0,,,122.25,1.0,,
324,Germany_Baseload#19#0#10000106,2021-10-20 07:49:33.210000,126.0,1.0,127.0,1.0,125.5,1.0,127.3,1.0,125.1,1.0,127.4,5.0,125.0,1.0,127.6,1.0,124.75,2.0,128.0,1.0,124.7,5.0,128.2,5.0,124.0,1.0,129.0,1.0,123.0,1.0,132.2,5.0,122.5,1.0,,,122.25,1.0,,
325,Germany_Baseload#19#0#10000106,2021-10-20 07:49:49.266000,126.0,1.0,127.0,1.0,125.5,1.0,127.3,1.0,125.1,1.0,127.6,1.0,125.0,1.0,128.0,1.0,124.75,2.0,128.2,5.0,124.7,5.0,129.0,1.0,124.0,1.0,132.2,5.0,123.0,1.0,,,122.5,1.0,,,122.25,1.0,,
326,Germany_Baseload#19#0#10000106,2021-10-20 07:49:53.858000,126.0,1.0,127.0,2.0,125.5,1.0,127.3,1.0,125.1,1.0,127.6,1.0,125.0,1.0,128.0,1.0,124.75,2.0,128.2,5.0,124.7,5.0,129.0,1.0,124.0,1.0,132.2,5.0,123.0,1.0,,,122.5,1.0,,,122.25,1.0,,
327,Germany_Baseload#19#0#10000106,2021-10-20 07:54:42.126000,126.0,1.0,127.0,2.0,125.5,1.0,127.3,1.0,125.1,1.0,127.6,1.0,125.0,1.0,128.0,1.0,124.75,2.0,128.2,5.0,124.7,5.0,129.0,1.0,124.0,1.0,132.2,5.0,123.0,1.0,,,122.5,1.0,,,122.25,1.0,,
328,Germany_Baseload#19#0#10000106,2021-10-20 07:54:42.367000,127.0,1.0,127.0,2.0,126.0,1.0,127.3,1.0,125.5,1.0,127.6,1.0,125.1,1.0,128.0,1.0,125.0,1.0,128.2,5.0,124.75,2.0,129.0,1.0,124.7,5.0,132.2,5.0,124.0,1.0,,,123.0,1.0,,,122.5,1.0,,
329,Germany_Baseload#19#0#10000106,2021-10-20 07:54:44.165000,127.0,1.0,127.0,2.0,126.0,1.0,127.3,1.0,125.5,1.0,128.0,1.0,125.1,1.0,128.2,5.0,125.0,1.0,129.0,1.0,124.75,2.0,132.2,5.0,124.7,5.0,,,124.0,1.0,,,123.0,1.0,,,122.5,1.0,,
330,Germany_Baseload#19#0#10000106,2021-10-20 07:54:49.485000,127.0,1.0,127.0,2.0,126.0,1.0,127.3,1.0,125.5,1.0,128.0,1.0,125.1,1.0,128.2,1.0,125.0,1.0,129.0,1.0,124.75,2.0,132.2,5.0,124.7,5.0,,,124.0,1.0,,,123.0,1.0,,,122.5,1.0,,
331,Germany_Baseload#19#0#10000106,2021-10-20 07:54:53.235000,126.0,1.0,127.0,2.0,125.5,1.0,127.3,1.0,125.1,1.0,128.0,1.0,125.0,1.0,128.2,1.0,124.75,2.0,129.0,1.0,124.7,5.0,132.2,5.0,124.0,1.0,,,123.0,1.0,,,122.5,1.0,,,122.25,1.0,,
332,Germany_Baseload#19#0#10000106,2021-10-20 07:54:53.291000,127.0,1.0,127.0,2.0,126.0,1.0,127.3,1.0,125.5,1.0,128.0,1.0,125.1,1.0,128.2,1.0,125.0,1.0,129.0,1.0,124.75,2.0,132.2,5.0,124.7,5.0,,,124.0,1.0,,,123.0,1.0,,,122.5,1.0,,
333,Germany_Baseload#19#0#10000106,2021-10-20 07:54:54.395000,126.0,1.0,127.0,2.0,125.5,1.0,127.3,1.0,125.1,1.0,128.0,1.0,125.0,1.0,128.2,1.0,124.75,2.0,129.0,1.0,124.7,5.0,132.2,5.0,124.0,1.0,,,123.0,1.0,,,122.5,1.0,,,122.25,1.0,,
334,Germany_Baseload#19#0#10000106,2021-10-20 07:55:08.124000,126.0,1.0,127.0,2.0,125.5,1.0,127.3,1.0,125.1,1.0,128.0,1.0,125.0,1.0,129.0,1.0,124.75,2.0,132.2,5.0,124.7,5.0,,,124.0,1.0,,,123.0,1.0,,,122.5,1.0,,,122.25,1.0,,
335,Germany_Baseload#19#0#10000106,2021-10-20 07:55:12.208000,126.0,1.0,127.0,2.0,125.5,1.0,127.3,1.0,125.1,1.0,128.0,1.0,125.0,1.0,129.0,1.0,124.75,2.0,132.2,5.0,124.7,5.0,,,124.0,1.0,,,123.0,1.0,,,122.5,1.0,,,122.25,1.0,,
336,Germany_Baseload#19#0#10000106,2021-10-20 07:55:23.198000,126.0,1.0,127.0,2.0,125.5,1.0,127.3,1.0,125.1,1.0,127.8,1.0,125.0,1.0,128.0,1.0,124.75,2.0,129.0,1.0,124.7,5.0,132.2,5.0,124.0,1.0,,,123.0,1.0,,,122.5,1.0,,,122.25,1.0,,
337,Germany_Baseload#19#0#10000106,2021-10-20 07:55:29.513000,126.0,1.0,127.0,2.0,125.5,1.0,127.3,1.0,125.4,1.0,127.8,1.0,125.1,1.0,128.0,1.0,125.0,1.0,129.0,1.0,124.75,2.0,132.2,5.0,124.7,5.0,,,124.0,1.0,,,123.0,1.0,,,122.5,1.0,,
338,Germany_Baseload#19#0#10000106,2021-10-20 07:55:35.402000,126.0,1.0,127.0,2.0,125.5,1.0,127.3,1.0,125.4,1.0,127.8,1.0,125.1,1.0,128.0,1.0,125.0,1.0,129.0,1.0,124.75,2.0,129.7,1.0,124.7,5.0,132.2,5.0,124.0,1.0,,,123.0,1.0,,,122.5,1.0,,
339,Germany_Baseload#19#0#10000106,2021-10-20 07:55:36.718000,126.0,1.0,127.0,2.0,125.5,1.0,127.3,1.0,125.4,1.0,127.8,1.0,125.1,1.0,128.0,1.0,125.0,1.0,129.0,1.0,124.75,2.0,129.7,5.0,124.7,5.0,132.2,5.0,124.0,1.0,,,123.0,1.0,,,122.5,1.0,,
340,Germany_Baseload#19#0#10000106,2021-10-20 07:55:46.230000,126.0,1.0,127.0,2.0,125.5,1.0,127.3,1.0,125.4,1.0,127.8,1.0,125.1,1.0,128.0,1.0,125.0,1.0,129.0,1.0,124.75,2.0,129.7,5.0,124.7,5.0,132.0,5.0,124.0,1.0,,,123.0,1.0,,,122.5,1.0,,
341,Germany_Baseload#19#0#10000106,2021-10-20 07:55:50.011000,125.5,1.0,127.0,2.0,125.4,1.0,127.3,1.0,125.1,1.0,127.8,1.0,125.0,1.0,128.0,1.0,124.75,2.0,129.0,1.0,124.7,5.0,129.7,5.0,124.0,1.0,132.0,5.0,123.0,1.0,,,122.5,1.0,,,122.25,1.0,,
342,Germany_Baseload#19#0#10000106,2021-10-20 07:55:54.403000,125.5,1.0,127.0,2.0,125.1,1.0,127.3,1.0,125.0,1.0,127.8,1.0,124.75,2.0,128.0,1.0,124.7,5.0,129.0,1.0,124.0,1.0,129.7,5.0,123.0,1.0,132.0,5.0,122.5,1.0,,,122.25,1.0,,,122.0,1.0,,
343,Germany_Baseload#19#0#10000106,2021-10-20 07:56:01.263000,125.5,1.0,127.0,2.0,125.1,1.0,127.3,1.0,125.0,1.0,127.8,1.0,124.75,2.0,128.0,1.0,124.7,5.0,129.0,1.0,124.2,5.0,129.7,5.0,124.0,1.0,132.0,5.0,123.0,1.0,,,122.5,1.0,,,122.25,1.0,,
344,Germany_Baseload#19#0#10000106,2021-10-20 07:56:01.264000,125.5,1.0,127.0,2.0,125.1,1.0,127.3,1.0,125.0,1.0,127.8,1.0,124.75,2.0,128.0,1.0,124.2,5.0,129.0,1.0,124.0,1.0,129.7,5.0,123.0,1.0,132.0,5.0,122.5,1.0,,,122.25,1.0,,,122.0,1.0,,
345,Germany_Baseload#19#0#10000106,2021-10-20 07:56:02.599000,125.5,1.0,127.0,2.0,125.1,1.0,127.3,1.0,125.0,1.0,127.8,1.0,124.75,2.0,128.0,1.0,124.2,5.0,129.0,1.0,124.0,1.0,129.7,5.0,123.0,1.0,,,122.5,1.0,,,122.25,1.0,,,122.0,1.0,,
346,Germany_Baseload#19#0#10000106,2021-10-20 07:56:02.870000,125.5,1.0,127.0,2.0,125.1,1.0,127.3,1.0,125.0,1.0,127.8,1.0,124.75,2.0,128.0,1.0,124.2,5.0,129.0,1.0,124.0,1.0,129.7,5.0,123.0,1.0,132.0,5.0,122.5,1.0,,,122.25,1.0,,,122.0,1.0,,
347,Germany_Baseload#19#0#10000106,2021-10-20 07:56:05.545000,125.5,1.0,127.0,2.0,125.1,1.0,127.3,1.0,125.0,1.0,127.8,1.0,124.75,2.0,128.0,1.0,124.2,5.0,129.0,1.0,124.0,1.0,129.2,5.0,123.0,1.0,132.0,5.0,122.5,1.0,,,122.25,1.0,,,122.0,1.0,,
348,Germany_Baseload#19#0#10000106,2021-10-20 07:56:19.557000,125.5,1.0,127.0,2.0,125.1,1.0,127.3,1.0,125.0,1.0,127.8,1.0,124.75,2.0,128.0,1.0,124.2,5.0,129.0,1.0,124.0,1.0,129.2,5.0,123.0,1.0,132.2,5.0,122.5,1.0,,,122.25,1.0,,,122.0,1.0,,
349,Germany_Baseload#19#0#10000106,2021-10-20 07:56:23.178000,125.5,1.0,127.0,2.0,125.1,1.0,127.3,1.0,125.0,1.0,127.8,1.0,124.75,2.0,128.0,1.0,124.2,5.0,129.0,1.0,124.0,1.0,129.2,5.0,123.0,1.0,132.0,5.0,122.5,1.0,,,122.25,1.0,,,122.0,1.0,,
350,Germany_Baseload#19#0#10000106,2021-10-20 07:56:47.229000,125.5,1.0,127.0,2.0,125.1,1.0,127.3,1.0,125.0,1.0,128.0,1.0,124.75,2.0,129.0,1.0,124.2,5.0,129.2,5.0,124.0,1.0,132.0,5.0,123.0,1.0,,,122.5,1.0,,,122.25,1.0,,,122.0,1.0,,
351,Germany_Baseload#19#0#10000106,2021-10-20 07:56:47.236000,125.5,1.0,127.0,2.0,125.1,1.0,127.3,1.0,125.0,1.0,128.0,1.0,124.75,2.0,129.0,1.0,124.2,5.0,132.0,5.0,124.0,1.0,,,123.0,1.0,,,122.5,1.0,,,122.25,1.0,,,122.0,1.0,,
352,Germany_Baseload#19#0#10000106,2021-10-20 07:56:47.237000,125.5,1.0,127.0,2.0,125.1,1.0,127.3,1.0,125.0,1.0,128.0,1.0,124.75,2.0,129.0,1.0,124.0,1.0,132.0,5.0,123.0,1.0,,,122.5,1.0,,,122.25,1.0,,,122.0,1.0,,,121.0,1.0,,
353,Germany_Baseload#19#0#10000106,2021-10-20 07:57:02.694000,125.5,1.0,127.0,1.0,125.1,1.0,127.3,1.0,125.0,1.0,128.0,1.0,124.75,2.0,129.0,1.0,124.0,1.0,132.0,5.0,123.0,1.0,,,122.5,1.0,,,122.25,1.0,,,122.0,1.0,,,121.0,1.0,,
354,Germany_Baseload#19#0#10000106,2021-10-20 07:57:30.288000,125.5,1.0,127.0,1.0,125.1,1.0,127.3,1.0,125.0,1.0,128.0,1.0,124.9,1.0,129.0,1.0,124.75,2.0,132.0,5.0,124.0,1.0,,,123.0,1.0,,,122.5,1.0,,,122.25,1.0,,,122.0,1.0,,
355,Germany_Baseload#19#0#10000106,2021-10-20 07:57:30.897000,125.5,1.0,127.0,1.0,125.1,1.0,127.1,1.0,125.0,1.0,127.3,1.0,124.9,1.0,128.0,1.0,124.75,2.0,129.0,1.0,124.0,1.0,132.0,5.0,123.0,1.0,,,122.5,1.0,,,122.25,1.0,,,122.0,1.0,,
356,Germany_Baseload#19#0#10000106,2021-10-20 07:57:40.285000,125.5,1.0,127.0,1.0,125.1,1.0,127.1,1.0,125.0,1.0,127.3,1.0,124.9,1.0,128.0,1.0,124.75,2.0,129.0,1.0,123.0,1.0,132.0,5.0,122.5,1.0,,,122.25,1.0,,,122.0,1.0,,,121.0,1.0,,
357,Germany_Baseload#19#0#10000106,2021-10-20 07:57:44.716000,125.5,1.0,127.0,1.0,125.1,1.0,127.1,1.0,125.0,1.0,127.3,1.0,124.9,1.0,128.0,1.0,124.75,2.0,129.0,1.0,123.0,1.0,132.0,5.0,122.5,1.0,,,122.25,1.0,,,122.0,1.0,,,121.0,1.0,,
358,Germany_Baseload#19#0#10000106,2021-10-20 07:57:58.087000,125.5,1.0,127.0,1.0,125.1,1.0,127.1,1.0,125.0,1.0,127.3,1.0,124.75,2.0,128.0,1.0,123.0,1.0,129.0,1.0,122.5,1.0,132.0,5.0,122.25,1.0,,,122.0,1.0,,,121.0,1.0,,,114.0,1.0,,
359,Germany_Baseload#19#0#10000106,2021-10-20 07:58:22.091000,125.25,1.0,127.0,1.0,125.1,1.0,127.1,1.0,125.0,1.0,127.3,1.0,124.75,2.0,128.0,1.0,123.0,1.0,129.0,1.0,122.5,1.0,132.0,5.0,122.25,1.0,,,122.0,1.0,,,121.0,1.0,,,114.0,1.0,,
360,Germany_Baseload#19#0#10000106,2021-10-20 07:58:28.188000,125.25,1.0,127.0,3.0,125.1,1.0,127.1,1.0,125.0,1.0,127.3,1.0,124.75,2.0,128.0,1.0,123.0,1.0,129.0,1.0,122.5,1.0,132.2,5.0,122.25,1.0,,,122.0,1.0,,,121.0,1.0,,,114.0,1.0,,
361,Germany_Baseload#19#0#10000106,2021-10-20 07:58:32.596000,125.25,1.0,127.0,3.0,125.1,1.0,127.1,1.0,125.0,3.0,127.3,1.0,124.75,2.0,128.0,1.0,123.0,1.0,129.0,1.0,122.5,1.0,132.2,5.0,122.25,1.0,,,122.0,1.0,,,121.0,1.0,,,114.0,1.0,,
362,Germany_Baseload#19#0#10000106,2021-10-20 07:58:32.692000,125.25,1.0,127.0,3.0,125.1,1.0,127.1,1.0,125.0,2.0,127.3,1.0,124.9,1.0,128.0,1.0,124.75,2.0,129.0,1.0,123.0,1.0,132.2,5.0,122.5,1.0,,,122.25,1.0,,,122.0,1.0,,,121.0,1.0,,
363,Germany_Baseload#19#0#10000106,2021-10-20 08:00:13.629000,125.25,1.0,127.0,2.0,125.1,1.0,127.1,1.0,125.0,2.0,127.3,1.0,124.9,1.0,128.0,1.0,124.75,2.0,129.0,1.0,123.0,1.0,132.2,5.0,122.5,1.0,,,122.25,1.0,,,122.0,1.0,,,121.0,1.0,,
364,Germany_Baseload#19#0#10000106,2021-10-20 08:00:13.729000,125.25,1.0,127.0,2.0,125.1,1.0,127.3,1.0,125.0,2.0,127.4,1.0,124.9,1.0,128.0,1.0,124.75,2.0,129.0,1.0,123.0,1.0,132.2,5.0,122.5,1.0,,,122.25,1.0,,,122.0,1.0,,,121.0,1.0,,
365,Germany_Baseload#19#0#10000106,2021-10-20 08:00:28.064000,125.25,1.0,127.0,2.0,125.1,1.0,127.3,1.0,125.0,2.0,127.4,1.0,124.9,1.0,128.0,1.0,124.75,2.0,129.0,1.0,123.0,1.0,132.0,5.0,122.5,1.0,,,122.25,1.0,,,122.0,1.0,,,121.0,1.0,,
366,Germany_Baseload#19#0#10000106,2021-10-20 08:00:41.335000,125.25,1.0,127.0,2.0,125.1,1.0,127.3,1.0,125.0,2.0,127.4,1.0,124.9,1.0,128.0,1.0,124.75,2.0,129.0,1.0,123.0,1.0,132.2,5.0,122.5,1.0,,,122.25,1.0,,,122.0,1.0,,,121.0,1.0,,
367,Germany_Baseload#19#0#10000106,2021-10-20 08:00:53.703000,125.25,1.0,127.0,1.0,125.1,1.0,127.3,1.0,125.0,2.0,127.4,1.0,124.9,1.0,128.0,1.0,124.75,2.0,129.0,1.0,123.0,1.0,132.2,5.0,122.5,1.0,,,122.25,1.0,,,122.0,1.0,,,121.0,1.0,,
368,Germany_Baseload#19#0#10000106,2021-10-20 08:00:59.776000,125.25,1.0,127.0,1.0,125.1,1.0,127.3,1.0,125.0,2.0,127.4,1.0,124.9,1.0,128.0,1.0,124.75,2.0,129.0,1.0,123.0,1.0,132.2,5.0,122.5,1.0,,,122.25,1.0,,,122.0,1.0,,,121.0,1.0,,
369,Germany_Baseload#19#0#10000106,2021-10-20 08:01:02.317000,125.25,1.0,126.5,2.0,125.1,1.0,127.0,1.0,125.0,2.0,127.3,1.0,124.9,1.0,127.4,1.0,124.75,2.0,128.0,1.0,123.0,1.0,129.0,1.0,122.5,1.0,132.2,5.0,122.25,1.0,,,122.0,1.0,,,121.0,1.0,,
370,Germany_Baseload#19#0#10000106,2021-10-20 08:01:10.081000,125.25,1.0,126.5,2.0,125.1,1.0,127.0,1.0,125.0,2.0,127.1,1.0,124.9,1.0,127.3,1.0,124.75,2.0,128.0,1.0,123.0,1.0,129.0,1.0,122.5,1.0,132.2,5.0,122.25,1.0,,,122.0,1.0,,,121.0,1.0,,
371,Germany_Baseload#19#0#10000106,2021-10-20 08:01:11.388000,125.25,1.0,126.5,2.0,125.1,1.0,127.0,1.0,125.0,2.0,127.1,1.0,124.9,1.0,127.3,1.0,124.75,2.0,128.0,1.0,123.0,1.0,129.0,1.0,122.5,1.0,132.0,5.0,122.25,1.0,,,122.0,1.0,,,121.0,1.0,,
372,Germany_Baseload#19#0#10000106,2021-10-20 08:01:30.542000,125.25,1.0,126.5,2.0,125.1,1.0,127.0,1.0,125.0,2.0,127.1,1.0,124.9,1.0,127.3,1.0,124.75,2.0,128.0,1.0,123.0,1.0,129.0,1.0,122.5,1.0,132.2,5.0,122.25,1.0,,,122.0,1.0,,,121.0,1.0,,
373,Germany_Baseload#19#0#10000106,2021-10-20 08:01:42.271000,125.1,1.0,126.5,2.0,125.0,2.0,127.0,1.0,124.9,1.0,127.1,1.0,124.75,2.0,127.3,1.0,124.0,1.0,128.0,1.0,123.0,1.0,129.0,1.0,122.5,1.0,132.2,5.0,122.25,1.0,,,122.0,1.0,,,121.0,1.0,,
374,Germany_Baseload#19#0#10000106,2021-10-20 08:01:46.490000,125.1,1.0,126.5,2.0,125.0,2.0,127.0,1.0,124.9,1.0,127.1,1.0,124.75,2.0,127.3,1.0,124.0,1.0,128.0,1.0,123.0,1.0,129.0,1.0,122.5,1.0,132.2,5.0,122.25,1.0,,,122.0,1.0,,,121.0,1.0,,
375,Germany_Baseload#19#0#10000106,2021-10-20 08:02:20.441000,125.1,1.0,126.5,2.0,125.0,2.0,126.7,1.0,124.9,1.0,127.0,1.0,124.75,2.0,127.1,1.0,124.0,1.0,127.3,1.0,123.0,1.0,128.0,1.0,122.5,1.0,129.0,1.0,122.25,1.0,132.2,5.0,122.0,1.0,,,121.0,1.0,,
376,Germany_Baseload#19#0#10000106,2021-10-20 08:02:37.074000,125.1,1.0,126.5,2.0,125.0,2.0,126.7,1.0,124.9,1.0,126.8,1.0,124.75,2.0,127.0,1.0,124.0,1.0,127.3,1.0,123.0,1.0,128.0,1.0,122.5,1.0,129.0,1.0,122.25,1.0,132.2,5.0,122.0,1.0,,,121.0,1.0,,
377,Germany_Baseload#19#0#10000106,2021-10-20 08:03:21.462000,125.1,1.0,126.5,2.0,125.0,2.0,126.7,1.0,124.9,1.0,126.8,1.0,124.75,2.0,127.0,1.0,124.0,1.0,127.3,1.0,123.0,1.0,128.0,1.0,122.5,1.0,129.0,1.0,122.25,1.0,132.0,5.0,122.0,1.0,,,121.0,1.0,,
378,Germany_Baseload#19#0#10000106,2021-10-20 08:04:04.616000,125.1,1.0,126.5,2.0,125.0,1.0,126.7,1.0,124.9,1.0,126.8,1.0,124.75,2.0,127.0,1.0,124.0,1.0,127.3,1.0,123.0,1.0,128.0,1.0,122.5,1.0,129.0,1.0,122.25,1.0,132.0,5.0,122.0,1.0,,,121.0,1.0,,
379,Germany_Baseload#19#0#10000106,2021-10-20 08:04:04.617000,125.1,1.0,126.5,2.0,125.0,1.0,126.7,1.0,124.9,1.0,126.8,1.0,124.75,2.0,127.0,1.0,124.1,1.0,127.3,1.0,124.0,1.0,128.0,1.0,123.0,1.0,129.0,1.0,122.5,1.0,132.0,5.0,122.25,1.0,,,122.0,1.0,,
380,Germany_Baseload#19#0#10000106,2021-10-20 08:04:04.671000,125.1,1.0,126.5,2.0,125.0,1.0,126.7,1.0,124.75,2.0,126.8,1.0,124.1,1.0,127.0,1.0,124.0,1.0,127.3,1.0,123.0,1.0,128.0,1.0,122.9,1.0,129.0,1.0,122.5,1.0,132.0,5.0,122.25,1.0,,,122.0,1.0,,
381,Germany_Baseload#19#0#10000106,2021-10-20 08:04:12.903000,125.1,1.0,126.5,2.0,125.0,1.0,126.8,1.0,124.75,2.0,127.0,1.0,124.1,1.0,127.3,1.0,124.0,1.0,128.0,1.0,123.0,1.0,129.0,1.0,122.9,1.0,132.0,5.0,122.5,1.0,,,122.25,1.0,,,122.0,1.0,,
382,Germany_Baseload#19#0#10000106,2021-10-20 08:04:12.984000,125.1,1.0,126.5,2.0,125.0,1.0,127.0,1.0,124.75,2.0,127.1,1.0,124.1,1.0,127.3,1.0,124.0,1.0,128.0,1.0,123.0,1.0,129.0,1.0,122.9,1.0,132.0,5.0,122.5,1.0,,,122.25,1.0,,,122.0,1.0,,
383,Germany_Baseload#19#0#10000106,2021-10-20 08:04:13.545000,125.1,1.0,126.5,2.0,125.0,1.0,127.0,1.0,124.75,2.0,127.1,1.0,124.1,1.0,127.3,1.0,124.0,1.0,128.0,1.0,123.0,1.0,129.0,1.0,122.9,1.0,132.0,5.0,122.5,1.0,,,122.25,1.0,,,122.0,1.0,,
384,Germany_Baseload#19#0#10000106,2021-10-20 08:04:30.774000,125.1,1.0,126.5,2.0,125.0,1.0,127.0,1.0,124.75,2.0,127.1,1.0,124.1,1.0,127.3,1.0,124.0,1.0,128.0,1.0,123.0,1.0,129.0,1.0,122.9,1.0,131.8,5.0,122.5,1.0,,,122.25,1.0,,,122.0,1.0,,
385,Germany_Baseload#19#0#10000106,2021-10-20 08:04:35.096000,125.1,1.0,126.5,4.0,125.0,1.0,126.6,2.0,124.75,2.0,127.0,1.0,124.1,1.0,127.3,1.0,124.0,1.0,128.0,1.0,123.0,1.0,129.0,1.0,122.9,1.0,131.8,5.0,122.5,1.0,,,122.25,1.0,,,122.0,1.0,,
386,Germany_Baseload#19#0#10000106,2021-10-20 08:05:00.757000,125.1,1.0,126.5,4.0,125.0,1.0,126.6,2.0,124.75,2.0,127.0,1.0,124.1,1.0,127.3,1.0,124.0,1.0,127.79,1.0,123.0,1.0,128.0,1.0,122.9,1.0,129.0,1.0,122.5,1.0,131.8,5.0,122.25,1.0,,,122.0,1.0,,
387,Germany_Baseload#19#0#10000106,2021-10-20 08:05:00.774000,125.1,1.0,126.5,4.0,125.0,1.0,126.6,2.0,124.75,2.0,127.0,1.0,124.1,1.0,127.3,1.0,124.0,1.0,127.79,1.0,123.79,1.0,128.0,1.0,123.0,1.0,129.0,1.0,122.9,1.0,131.8,5.0,122.5,1.0,,,122.25,1.0,,
388,Germany_Baseload#19#0#10000106,2021-10-20 08:05:07.943000,125.1,1.0,126.5,4.0,125.0,1.0,126.6,2.0,124.75,2.0,127.0,1.0,124.1,1.0,127.3,1.0,124.0,1.0,128.0,1.0,123.79,1.0,129.0,1.0,123.0,1.0,131.8,5.0,122.9,1.0,,,122.5,1.0,,,122.25,1.0,,
389,Germany_Baseload#19#0#10000106,2021-10-20 08:05:07.957000,125.1,1.0,126.5,4.0,125.0,1.0,126.6,2.0,124.75,2.0,127.0,1.0,124.1,1.0,127.3,1.0,124.0,1.0,128.0,1.0,123.0,1.0,129.0,1.0,122.9,1.0,131.8,5.0,122.5,1.0,,,122.25,1.0,,,122.0,1.0,,
390,Germany_Baseload#19#0#10000106,2021-10-20 08:05:13.964000,125.1,1.0,126.5,4.0,125.0,1.0,126.6,2.0,124.75,2.0,127.0,1.0,124.1,1.0,127.3,1.0,124.0,1.0,127.79,5.0,123.0,1.0,128.0,1.0,122.9,1.0,129.0,1.0,122.5,1.0,131.8,5.0,122.25,1.0,,,122.0,1.0,,
391,Germany_Baseload#19#0#10000106,2021-10-20 08:05:13.969000,125.1,1.0,126.5,4.0,125.0,1.0,126.6,2.0,124.75,2.0,127.0,1.0,124.1,1.0,127.3,1.0,124.0,1.0,127.79,5.0,123.79,5.0,128.0,1.0,123.0,1.0,129.0,1.0,122.9,1.0,131.8,5.0,122.5,1.0,,,122.25,1.0,,
392,Germany_Baseload#19#0#10000106,2021-10-20 08:05:15.914000,125.1,1.0,126.5,4.0,125.0,1.0,126.6,2.0,124.75,2.0,127.0,1.0,124.1,1.0,127.3,1.0,124.0,1.0,128.0,1.0,123.79,5.0,129.0,1.0,123.0,1.0,131.8,5.0,122.9,1.0,,,122.5,1.0,,,122.25,1.0,,
393,Germany_Baseload#19#0#10000106,2021-10-20 08:05:15.920000,125.1,1.0,126.5,4.0,125.0,1.0,126.6,2.0,124.75,2.0,127.0,1.0,124.1,1.0,127.3,1.0,124.0,1.0,128.0,1.0,123.0,1.0,129.0,1.0,122.9,1.0,131.8,5.0,122.5,1.0,,,122.25,1.0,,,122.0,1.0,,
394,Germany_Baseload#19#0#10000106,2021-10-20 08:05:16.452000,125.1,1.0,126.5,4.0,125.0,1.0,126.6,2.0,124.75,2.0,127.0,1.0,124.1,1.0,127.3,1.0,124.0,1.0,127.79,5.0,123.0,1.0,128.0,1.0,122.9,1.0,129.0,1.0,122.5,1.0,131.8,5.0,122.25,1.0,,,122.0,1.0,,
395,Germany_Baseload#19#0#10000106,2021-10-20 08:05:16.456000,125.1,1.0,126.5,4.0,125.0,1.0,126.6,2.0,124.75,2.0,127.0,1.0,124.1,1.0,127.3,1.0,124.0,1.0,127.79,5.0,123.79,5.0,128.0,1.0,123.0,1.0,129.0,1.0,122.9,1.0,131.8,5.0,122.5,1.0,,,122.25,1.0,,
396,Germany_Baseload#19#0#10000106,2021-10-20 08:06:21.768000,125.1,1.0,126.45,2.0,125.0,1.0,126.5,2.0,124.75,2.0,126.6,2.0,124.1,1.0,127.0,1.0,124.0,1.0,127.3,1.0,123.79,5.0,127.79,5.0,123.0,1.0,128.0,1.0,122.9,1.0,129.0,1.0,122.5,1.0,131.8,5.0,122.25,1.0,,
397,Germany_Baseload#19#0#10000106,2021-10-20 08:06:33.083000,125.1,1.0,126.45,2.0,125.0,1.0,126.5,2.0,124.75,2.0,126.55,2.0,124.1,1.0,127.0,1.0,124.0,1.0,127.3,1.0,123.79,5.0,127.79,5.0,123.0,1.0,128.0,1.0,122.9,1.0,129.0,1.0,122.5,1.0,131.8,5.0,122.25,1.0,,
398,Germany_Baseload#19#0#10000106,2021-10-20 08:06:44.372000,125.2,2.0,126.45,2.0,125.1,1.0,126.5,2.0,125.0,1.0,126.55,2.0,124.75,2.0,127.0,1.0,124.1,1.0,127.3,1.0,124.0,1.0,127.79,5.0,123.79,5.0,128.0,1.0,123.0,1.0,129.0,1.0,122.9,1.0,131.8,5.0,122.5,1.0,,
399,Germany_Baseload#19#0#10000106,2021-10-20 08:06:46.794000,125.2,2.0,126.45,2.0,125.1,1.0,126.5,2.0,124.75,2.0,126.55,2.0,124.1,1.0,127.0,1.0,124.0,1.0,127.3,1.0,123.79,5.0,127.79,5.0,123.0,1.0,128.0,1.0,122.9,1.0,129.0,1.0,122.5,1.0,131.8,5.0,122.25,1.0,,
400,Germany_Baseload#19#0#10000106,2021-10-20 08:07:00.931000,125.2,2.0,126.45,2.0,125.1,1.0,126.5,2.0,124.75,2.0,126.55,2.0,124.1,1.0,127.0,1.0,124.0,1.0,127.3,1.0,123.79,5.0,127.79,5.0,123.0,1.0,128.0,1.0,122.9,1.0,129.0,1.0,122.5,1.0,,,122.25,1.0,,
401,Germany_Baseload#19#0#10000106,2021-10-20 08:07:01.140000,125.2,2.0,126.45,2.0,125.1,1.0,126.5,2.0,124.75,2.0,126.55,2.0,124.1,1.0,127.0,1.0,124.0,1.0,127.3,1.0,123.79,5.0,127.79,5.0,123.0,1.0,128.0,1.0,122.9,1.0,129.0,1.0,122.5,1.0,131.8,5.0,122.25,1.0,,
402,Germany_Baseload#19#0#10000106,2021-10-20 08:07:29.315000,125.2,2.0,126.45,2.0,125.1,1.0,126.5,2.0,124.75,2.0,126.55,2.0,124.1,1.0,127.0,1.0,124.0,1.0,127.3,1.0,123.79,5.0,127.79,5.0,123.0,1.0,128.0,1.0,122.9,1.0,129.0,1.0,122.5,1.0,132.0,5.0,122.25,1.0,,
403,Germany_Baseload#19#0#10000106,2021-10-20 08:07:37.921000,125.2,2.0,126.45,2.0,125.1,1.0,126.5,2.0,124.75,2.0,126.55,2.0,124.1,1.0,127.0,1.0,124.0,1.0,127.3,1.0,123.79,5.0,127.79,5.0,123.0,1.0,128.0,1.0,122.9,1.0,129.0,1.0,122.5,1.0,132.2,5.0,122.25,1.0,,
404,Germany_Baseload#19#0#10000106,2021-10-20 08:07:43.540000,125.2,2.0,126.45,2.0,125.1,1.0,126.5,2.0,124.75,2.0,126.55,2.0,124.1,1.0,127.0,1.0,124.0,1.0,127.3,1.0,123.79,5.0,127.79,5.0,123.0,1.0,128.0,1.0,122.9,1.0,129.0,1.0,122.5,1.0,132.0,5.0,122.25,1.0,,
405,Germany_Baseload#19#0#10000106,2021-10-20 08:07:51.618000,125.2,2.0,126.45,2.0,125.1,1.0,126.5,2.0,124.75,2.0,126.55,2.0,124.1,1.0,127.0,1.0,124.0,1.0,127.3,1.0,123.79,5.0,127.79,5.0,123.0,1.0,128.0,1.0,122.9,1.0,129.0,1.0,122.5,1.0,131.8,5.0,122.25,1.0,,
406,Germany_Baseload#19#0#10000106,2021-10-20 08:08:09.371000,125.2,2.0,126.45,2.0,125.1,1.0,126.5,2.0,124.75,2.0,126.55,2.0,124.1,1.0,127.0,1.0,124.0,1.0,127.3,1.0,123.79,5.0,127.79,5.0,123.0,1.0,128.0,1.0,122.9,1.0,129.0,1.0,122.5,1.0,132.0,5.0,122.25,1.0,,
407,Germany_Baseload#19#0#10000106,2021-10-20 08:08:09.505000,125.2,2.0,126.45,2.0,125.1,1.0,126.5,2.0,124.75,2.0,126.55,2.0,124.1,1.0,127.0,1.0,124.0,1.0,127.3,1.0,123.79,5.0,127.79,5.0,123.0,1.0,128.0,1.0,122.9,1.0,129.0,1.0,122.5,1.0,135.6,5.0,122.25,1.0,,
408,Germany_Baseload#19#0#10000106,2021-10-20 08:08:13.666000,125.2,2.0,126.45,2.0,125.1,1.0,126.5,2.0,124.75,2.0,126.55,2.0,124.1,1.0,127.0,1.0,124.0,1.0,127.3,1.0,123.79,5.0,127.79,5.0,123.0,1.0,128.0,1.0,122.9,1.0,129.0,1.0,122.5,1.0,132.0,5.0,122.25,1.0,,
409,Germany_Baseload#19#0#10000106,2021-10-20 08:08:15.177000,125.2,2.0,126.45,2.0,125.1,1.0,126.5,2.0,124.75,2.0,126.55,2.0,124.1,1.0,127.0,1.0,124.0,1.0,127.3,1.0,123.79,5.0,127.82,5.0,123.0,1.0,128.0,1.0,122.9,1.0,129.0,1.0,122.5,1.0,132.0,5.0,122.25,1.0,,
410,Germany_Baseload#19#0#10000106,2021-10-20 08:08:15.182000,125.2,2.0,126.45,2.0,125.1,1.0,126.5,2.0,124.75,2.0,126.55,2.0,124.1,1.0,127.0,1.0,124.0,1.0,127.3,1.0,123.82,5.0,127.82,5.0,123.0,1.0,128.0,1.0,122.9,1.0,129.0,1.0,122.5,1.0,132.0,5.0,122.25,1.0,,
411,Germany_Baseload#19#0#10000106,2021-10-20 08:08:21.382000,125.25,1.0,126.45,2.0,125.2,2.0,126.5,2.0,125.1,1.0,126.55,2.0,124.75,2.0,127.0,1.0,124.1,1.0,127.3,1.0,124.0,1.0,127.82,5.0,123.82,5.0,128.0,1.0,123.0,1.0,129.0,1.0,122.9,1.0,132.0,5.0,122.5,1.0,,
412,Germany_Baseload#19#0#10000106,2021-10-20 08:08:21.432000,125.25,1.0,126.45,2.0,125.2,2.0,126.5,2.0,125.1,1.0,126.55,2.0,124.75,2.0,127.0,1.0,124.25,1.0,127.3,1.0,124.0,1.0,127.82,5.0,123.82,5.0,128.0,1.0,123.0,1.0,129.0,1.0,122.9,1.0,132.0,5.0,122.5,1.0,,
413,Germany_Baseload#19#0#10000106,2021-10-20 08:08:35.837000,125.25,1.0,126.31,2.0,125.2,2.0,126.5,2.0,125.1,1.0,126.55,2.0,124.75,2.0,127.0,1.0,124.25,1.0,127.3,1.0,124.0,1.0,127.82,5.0,123.82,5.0,128.0,1.0,123.0,1.0,129.0,1.0,122.9,1.0,132.0,5.0,122.5,1.0,,
414,Germany_Baseload#19#0#10000106,2021-10-20 08:08:37.793000,125.25,1.0,126.31,2.0,125.2,2.0,126.5,2.0,125.1,1.0,126.55,2.0,124.75,2.0,127.0,1.0,124.25,1.0,127.3,1.0,124.0,1.0,127.82,5.0,123.82,5.0,128.0,1.0,123.0,1.0,129.0,1.0,122.9,1.0,,,122.5,1.0,,
415,Germany_Baseload#19#0#10000106,2021-10-20 08:08:41.087000,125.25,1.0,126.31,2.0,125.2,2.0,126.5,2.0,125.15,1.0,126.55,2.0,125.1,1.0,127.0,1.0,124.75,2.0,127.3,1.0,124.25,1.0,127.82,5.0,124.0,1.0,128.0,1.0,123.82,5.0,129.0,1.0,123.0,1.0,,,122.5,1.0,,
416,Germany_Baseload#19#0#10000106,2021-10-20 08:09:13.282000,125.25,1.0,126.5,2.0,125.2,2.0,126.55,2.0,125.15,1.0,127.0,1.0,125.1,1.0,127.3,1.0,124.75,2.0,127.82,5.0,124.25,1.0,128.0,1.0,124.0,1.0,129.0,1.0,123.82,5.0,,,123.0,1.0,,,122.5,1.0,,
417,Germany_Baseload#19#0#10000106,2021-10-20 08:09:13.446000,125.25,1.0,126.5,2.0,125.2,2.0,127.0,1.0,125.15,1.0,127.1,1.0,125.1,1.0,127.3,1.0,124.75,2.0,127.82,5.0,124.25,1.0,128.0,1.0,124.0,1.0,129.0,1.0,123.82,5.0,,,123.0,1.0,,,122.5,1.0,,
418,Germany_Baseload#19#0#10000106,2021-10-20 08:09:14.493000,125.25,1.0,126.5,2.0,125.2,2.0,127.0,2.0,125.15,1.0,127.1,1.0,125.1,1.0,127.3,1.0,124.75,2.0,127.82,5.0,124.25,1.0,128.0,1.0,124.0,1.0,129.0,1.0,123.82,5.0,,,123.0,1.0,,,122.5,1.0,,
419,Germany_Baseload#19#0#10000106,2021-10-20 08:09:22.133000,125.25,1.0,126.32,1.0,125.2,2.0,126.5,2.0,125.15,1.0,127.0,2.0,125.1,1.0,127.1,1.0,124.75,2.0,127.3,1.0,124.25,1.0,127.82,5.0,124.0,1.0,128.0,1.0,123.82,5.0,129.0,1.0,123.0,1.0,,,122.5,1.0,,
420,Germany_Baseload#19#0#10000106,2021-10-20 08:10:23.782000,125.25,1.0,126.31,1.0,125.2,2.0,126.5,2.0,125.15,1.0,127.0,2.0,125.1,1.0,127.1,1.0,124.75,2.0,127.3,1.0,124.25,1.0,127.82,5.0,124.0,1.0,128.0,1.0,123.82,5.0,129.0,1.0,123.0,1.0,,,122.5,1.0,,
421,Germany_Baseload#19#0#10000106,2021-10-20 08:10:36.775000,125.25,1.0,126.5,2.0,125.2,2.0,127.0,2.0,125.15,1.0,127.1,1.0,125.1,1.0,127.3,1.0,124.75,2.0,127.82,5.0,124.25,1.0,128.0,1.0,124.0,1.0,129.0,1.0,123.82,5.0,,,123.0,1.0,,,122.5,1.0,,
422,Germany_Baseload#19#0#10000106,2021-10-20 08:10:36.856000,125.25,1.0,126.5,2.0,125.2,2.0,126.75,2.0,125.15,1.0,127.0,2.0,125.1,1.0,127.1,1.0,124.75,2.0,127.3,1.0,124.25,1.0,127.82,5.0,124.0,1.0,128.0,1.0,123.82,5.0,129.0,1.0,123.0,1.0,,,122.5,1.0,,
423,Germany_Baseload#19#0#10000106,2021-10-20 08:10:36.985000,125.25,1.0,126.5,2.0,125.2,2.0,126.75,2.0,125.15,1.0,126.85,2.0,125.1,1.0,127.0,2.0,124.75,2.0,127.3,1.0,124.25,1.0,127.82,5.0,124.0,1.0,128.0,1.0,123.82,5.0,129.0,1.0,123.0,1.0,,,122.5,1.0,,
424,Germany_Baseload#19#0#10000106,2021-10-20 08:10:37.151000,125.25,1.0,126.5,2.0,125.2,2.0,126.75,2.0,125.15,1.0,126.85,2.0,125.1,1.0,127.0,1.0,124.75,2.0,127.3,1.0,124.25,1.0,127.81,1.0,124.0,1.0,127.82,5.0,123.82,5.0,128.0,1.0,123.0,1.0,129.0,1.0,122.5,1.0,,
425,Germany_Baseload#19#0#10000106,2021-10-20 08:10:37.220000,125.25,1.0,126.5,2.0,125.2,2.0,126.75,2.0,125.15,1.0,127.0,1.0,125.1,1.0,127.1,2.0,124.75,2.0,127.3,1.0,124.25,1.0,127.81,1.0,124.0,1.0,127.82,5.0,123.82,5.0,128.0,1.0,123.0,1.0,129.0,1.0,122.5,1.0,,
426,Germany_Baseload#19#0#10000106,2021-10-20 08:10:37.244000,125.25,1.0,126.5,2.0,125.2,2.0,126.75,2.0,125.15,1.0,127.0,2.0,125.1,1.0,127.1,2.0,124.75,2.0,127.3,1.0,124.25,1.0,127.82,5.0,124.0,1.0,128.0,1.0,123.82,5.0,129.0,1.0,123.0,1.0,,,122.5,1.0,,
427,Germany_Baseload#19#0#10000106,2021-10-20 08:10:53.773000,125.25,1.0,126.5,2.0,125.2,2.0,126.75,2.0,125.15,1.0,126.85,2.0,125.1,1.0,127.0,2.0,124.75,2.0,127.3,1.0,124.25,1.0,127.82,5.0,124.0,1.0,128.0,1.0,123.82,5.0,129.0,1.0,123.0,1.0,,,122.5,1.0,,
428,Germany_Baseload#19#0#10000106,2021-10-20 08:11:09.177000,125.25,1.0,126.5,2.0,125.2,2.0,126.75,2.0,125.15,1.0,126.85,2.0,125.1,1.0,127.0,2.0,124.75,2.0,127.3,1.0,124.25,1.0,127.83,5.0,124.0,1.0,128.0,1.0,123.82,5.0,129.0,1.0,123.0,1.0,,,122.5,1.0,,
429,Germany_Baseload#19#0#10000106,2021-10-20 08:11:09.184000,125.25,1.0,126.5,2.0,125.2,2.0,126.75,2.0,125.15,1.0,126.85,2.0,125.1,1.0,127.0,2.0,124.75,2.0,127.3,1.0,124.25,1.0,127.83,5.0,124.0,1.0,128.0,1.0,123.83,5.0,129.0,1.0,123.0,1.0,,,122.5,1.0,,
430,Germany_Baseload#19#0#10000106,2021-10-20 08:12:42.030000,125.25,1.0,126.25,2.0,125.2,2.0,126.5,2.0,125.15,1.0,126.85,2.0,125.1,1.0,127.0,2.0,124.75,2.0,127.3,1.0,124.25,1.0,127.83,5.0,124.0,1.0,128.0,1.0,123.83,5.0,129.0,1.0,123.0,1.0,,,122.5,1.0,,
431,Germany_Baseload#19#0#10000106,2021-10-20 08:13:02.078000,125.25,1.0,126.25,2.0,125.2,2.0,126.35,2.0,125.15,1.0,126.5,2.0,125.1,1.0,127.0,2.0,124.75,2.0,127.3,1.0,124.25,1.0,127.83,5.0,124.0,1.0,128.0,1.0,123.83,5.0,129.0,1.0,123.0,1.0,,,122.5,1.0,,
432,Germany_Baseload#19#0#10000106,2021-10-20 08:13:02.350000,125.25,1.0,126.25,2.0,125.2,2.0,126.35,2.0,125.15,1.0,126.5,1.0,125.1,1.0,127.0,1.0,124.75,2.0,127.3,1.0,124.25,1.0,127.83,5.0,124.0,1.0,128.0,1.0,123.83,5.0,129.0,1.0,123.0,1.0,,,122.5,1.0,,
433,Germany_Baseload#19#0#10000106,2021-10-20 08:13:02.446000,125.25,1.0,126.25,2.0,125.2,2.0,126.35,2.0,125.15,1.0,126.5,2.0,125.1,1.0,127.0,2.0,124.75,2.0,127.3,1.0,124.25,1.0,127.83,5.0,124.0,1.0,128.0,1.0,123.83,5.0,129.0,1.0,123.0,1.0,,,122.5,1.0,,
434,Germany_Baseload#19#0#10000106,2021-10-20 08:14:28.836000,125.25,1.0,126.25,2.0,125.2,2.0,126.35,2.0,125.15,1.0,126.5,2.0,125.1,1.0,127.0,2.0,124.75,2.0,127.3,1.0,124.25,1.0,127.83,5.0,124.0,1.0,128.0,1.0,123.83,5.0,129.0,1.0,123.0,1.0,131.8,5.0,122.5,1.0,,
435,Germany_Baseload#19#0#10000106,2021-10-20 08:14:29.634000,125.25,1.0,126.25,2.0,125.2,2.0,126.35,2.0,125.15,1.0,126.5,2.0,125.1,1.0,127.0,3.0,124.75,2.0,127.3,1.0,124.25,1.0,127.83,5.0,124.0,1.0,128.0,1.0,123.83,5.0,129.0,1.0,123.0,1.0,131.8,5.0,122.5,1.0,,
436,Germany_Baseload#19#0#10000106,2021-10-20 08:14:31.700000,125.25,1.0,126.25,2.0,125.2,2.0,126.35,2.0,125.15,1.0,126.5,2.0,125.1,1.0,127.0,3.0,124.75,2.0,127.3,1.0,124.25,1.0,127.83,5.0,124.0,1.0,128.0,1.0,123.83,5.0,129.0,1.0,123.0,1.0,,,122.5,1.0,,
437,Germany_Baseload#19#0#10000106,2021-10-20 08:14:37.511000,125.25,1.0,126.25,2.0,125.2,2.0,126.35,2.0,125.15,1.0,126.5,2.0,125.1,1.0,127.0,2.0,124.75,2.0,127.3,1.0,124.25,1.0,127.83,5.0,124.0,1.0,128.0,1.0,123.83,5.0,129.0,1.0,123.0,1.0,,,122.5,1.0,,
438,Germany_Baseload#19#0#10000106,2021-10-20 08:14:54.234000,125.25,1.0,126.25,2.0,125.2,2.0,126.35,2.0,125.15,1.0,126.5,2.0,125.1,1.0,127.0,2.0,124.75,2.0,127.3,1.0,124.0,1.0,127.83,5.0,123.83,5.0,128.0,1.0,123.0,1.0,129.0,1.0,122.5,1.0,,,122.25,1.0,,
439,Germany_Baseload#19#0#10000106,2021-10-20 08:15:01.697000,126.0,2.0,126.25,2.0,125.25,1.0,126.35,2.0,125.15,1.0,126.5,2.0,125.1,1.0,127.0,2.0,124.75,2.0,127.3,1.0,124.0,1.0,127.83,5.0,123.83,5.0,128.0,1.0,123.0,1.0,129.0,1.0,122.5,1.0,,,122.25,1.0,,
440,Germany_Baseload#19#0#10000106,2021-10-20 08:15:02.071000,126.0,2.0,126.25,2.0,125.25,1.0,126.35,2.0,125.15,1.0,126.5,2.0,125.1,1.0,127.0,2.0,124.75,2.0,127.3,1.0,124.0,1.0,127.83,5.0,123.83,5.0,128.0,1.0,123.0,1.0,129.0,1.0,122.5,1.0,131.8,5.0,122.25,1.0,,
441,Germany_Baseload#19#0#10000106,2021-10-20 08:15:12.144000,126.0,2.0,126.25,2.0,125.25,1.0,126.35,2.0,125.15,1.0,126.5,2.0,125.1,1.0,127.0,2.0,124.75,2.0,127.3,1.0,124.0,1.0,127.83,5.0,123.83,5.0,128.0,1.0,123.0,1.0,129.0,1.0,122.5,1.0,,,122.25,1.0,,
442,Germany_Baseload#19#0#10000106,2021-10-20 08:15:31.590000,126.0,2.0,126.25,2.0,125.25,1.0,126.35,2.0,125.15,1.0,126.5,2.0,125.1,1.0,127.0,2.0,124.75,2.0,127.3,1.0,124.0,1.0,127.83,5.0,123.83,5.0,128.0,1.0,123.4,5.0,129.0,1.0,123.0,1.0,,,122.5,1.0,,
443,Germany_Baseload#19#0#10000106,2021-10-20 08:15:33.510000,126.0,2.0,126.0,1.0,125.25,1.0,126.25,2.0,125.15,1.0,126.35,2.0,125.1,1.0,126.5,2.0,124.75,2.0,127.0,2.0,124.0,1.0,127.3,1.0,123.83,5.0,127.83,5.0,123.4,5.0,128.0,1.0,123.0,1.0,129.0,1.0,122.5,1.0,,
444,Germany_Baseload#19#0#10000106,2021-10-20 08:15:33.571000,126.0,2.0,126.0,1.0,125.25,1.0,126.25,2.0,125.15,1.0,126.35,1.0,125.1,1.0,126.5,2.0,124.75,2.0,127.0,2.0,124.0,1.0,127.3,1.0,123.83,5.0,127.83,5.0,123.4,5.0,128.0,1.0,123.0,1.0,129.0,1.0,122.5,1.0,,
445,Germany_Baseload#19#0#10000106,2021-10-20 08:15:33.710000,126.0,2.0,126.0,1.0,125.25,1.0,126.25,1.0,125.15,1.0,126.35,1.0,125.1,1.0,126.5,2.0,124.75,2.0,127.0,1.0,124.0,1.0,127.3,1.0,123.83,5.0,127.83,5.0,123.4,5.0,128.0,1.0,123.0,1.0,129.0,1.0,122.5,1.0,,
446,Germany_Baseload#19#0#10000106,2021-10-20 08:15:33.804000,126.0,2.0,126.0,1.0,125.25,1.0,126.25,2.0,125.15,1.0,126.35,1.0,125.1,1.0,126.5,2.0,124.75,2.0,127.0,2.0,124.0,1.0,127.3,1.0,123.83,5.0,127.83,5.0,123.4,5.0,128.0,1.0,123.0,1.0,129.0,1.0,122.5,1.0,,
447,Germany_Baseload#19#0#10000106,2021-10-20 08:15:36.003000,126.0,2.0,126.25,2.0,125.25,1.0,126.35,1.0,125.15,1.0,126.5,2.0,125.1,1.0,127.0,2.0,124.75,2.0,127.3,1.0,124.0,1.0,127.83,5.0,123.83,5.0,128.0,1.0,123.4,5.0,129.0,1.0,123.0,1.0,,,122.5,1.0,,
