,key,Datetime,BidPrice_0,BidVolume_0,AskPrice_0,AskVolume_0,BidPrice_1,BidVolume_1,AskPrice_1,AskVolume_1,BidPrice_2,BidVolume_2,AskPrice_2,AskVolume_2,BidPrice_3,BidVolume_3,AskPrice_3,AskVolume_3,BidPrice_4,BidVolume_4,AskPrice_4,AskVolume_4,BidPrice_5,BidVolume_5,AskPrice_5,AskVolume_5,BidPrice_6,BidVolume_6,AskPrice_6,AskVolume_6,BidPrice_7,BidVolume_7,AskPrice_7,AskVolume_7,BidPrice_8,BidVolume_8,AskPrice_8,AskVolume_8,BidPrice_9,BidVolume_9,AskPrice_9,AskVolume_9
0,Germany_Baseload#19#0#10000106,2021-10-05 05:51:02.568000,,,142.5,2.0,,,,,,,,,,,,,,,,,,,,,,,,,,,,,,,,,,,,
1,Germany_Baseload#19#0#10000106,2021-10-05 06:00:00.436000,140.0,1.0,142.5,2.0,,,,,,,,,,,,,,,,,,,,,,,,,,,,,,,,,,,,
2,Germany_Baseload#19#0#10000106,2021-10-05 06:00:00.437000,140.0,1.0,142.5,2.0,125.0,1.0,144.37,3.0,52.0,1.0,146.75,1.0,48.0,3.0,147.0,1.0,,,,,,,,,,,,,,,,,,,,,,,,
3,Germany_Baseload#19#0#10000106,2021-10-05 06:00:46.771000,140.0,1.0,144.37,3.0,125.0,1.0,146.75,1.0,52.0,1.0,147.0,1.0,48.0,3.0,,,,,,,,,,,,,,,,,,,,,,,,,,
4,Germany_Baseload#19#0#10000106,2021-10-05 06:02:49.133000,141.0,1.0,144.37,3.0,140.0,1.0,146.75,1.0,125.0,1.0,147.0,1.0,52.0,1.0,,,48.0,3.0,,,,,,,,,,,,,,,,,,,,,,
5,Germany_Baseload#19#0#10000106,2021-10-05 06:03:13.638000,141.0,1.0,146.75,1.0,140.0,1.0,147.0,1.0,125.0,1.0,148.0,3.0,52.0,1.0,,,48.0,3.0,,,,,,,,,,,,,,,,,,,,,,
6,Germany_Baseload#19#0#10000106,2021-10-05 06:04:20.223000,141.0,1.0,146.75,1.0,140.0,2.0,147.0,1.0,125.0,1.0,148.0,3.0,52.0,1.0,,,48.0,3.0,,,,,,,,,,,,,,,,,,,,,,
7,Germany_Baseload#19#0#10000106,2021-10-05 06:04:29.623000,141.0,1.0,146.75,2.0,140.0,2.0,147.0,1.0,125.0,1.0,148.0,3.0,52.0,1.0,,,48.0,3.0,,,,,,,,,,,,,,,,,,,,,,
8,Germany_Baseload#19#0#10000106,2021-10-05 06:04:41.542000,140.0,2.0,146.75,2.0,125.0,1.0,147.0,1.0,52.0,1.0,148.0,3.0,48.0,3.0,,,,,,,,,,,,,,,,,,,,,,,,,,
9,Germany_Baseload#19#0#10000106,2021-10-05 06:04:48.618000,140.0,1.0,146.75,2.0,125.0,1.0,147.0,1.0,52.0,1.0,148.0,3.0,48.0,3.0,,,,,,,,,,,,,,,,,,,,,,,,,,
10,Germany_Baseload#19#0#10000106,2021-10-05 06:04:48.647000,141.0,1.0,146.75,2.0,140.0,1.0,147.0,1.0,125.0,1.0,148.0,3.0,52.0,1.0,,,48.0,3.0,,,,,,,,,,,,,,,,,,,,,,
11,Germany_Baseload#19#0#10000106,2021-10-05 06:04:51.466000,141.0,2.0,146.75,2.0,140.0,1.0,147.0,1.0,125.0,1.0,148.0,3.0,52.0,1.0,,,48.0,3.0,,,,,,,,,,,,,,,,,,,,,,
12,Germany_Baseload#19#0#10000106,2021-10-05 06:04:51.467000,141.0,2.0,146.75,2.0,125.0,1.0,147.0,1.0,52.0,1.0,148.0,3.0,48.0,3.0,,,,,,,,,,,,,,,,,,,,,,,,,,
13,Germany_Baseload#19#0#10000106,2021-10-05 06:05:01.119000,141.5,2.0,146.75,2.0,141.0,2.0,147.0,1.0,125.0,1.0,148.0,3.0,52.0,1.0,,,48.0,3.0,,,,,,,,,,,,,,,,,,,,,,
14,Germany_Baseload#19#0#10000106,2021-10-05 06:05:08.531000,141.5,2.0,146.75,2.0,141.0,1.0,147.0,1.0,125.0,1.0,148.0,3.0,52.0,1.0,,,48.0,3.0,,,,,,,,,,,,,,,,,,,,,,
15,Germany_Baseload#19#0#10000106,2021-10-05 06:05:08.561000,141.5,1.0,146.75,2.0,141.0,1.0,147.0,1.0,125.0,1.0,148.0,3.0,52.0,1.0,,,48.0,3.0,,,,,,,,,,,,,,,,,,,,,,
16,Germany_Baseload#19#0#10000106,2021-10-05 06:05:24.465000,141.5,2.0,146.75,2.0,141.0,1.0,147.0,1.0,125.0,1.0,148.0,3.0,52.0,1.0,,,48.0,3.0,,,,,,,,,,,,,,,,,,,,,,
17,Germany_Baseload#19#0#10000106,2021-10-05 06:05:24.466000,141.5,4.0,146.75,2.0,125.0,1.0,147.0,1.0,52.0,1.0,148.0,3.0,48.0,3.0,,,,,,,,,,,,,,,,,,,,,,,,,,
18,Germany_Baseload#19#0#10000106,2021-10-05 06:07:01.111000,141.5,4.0,144.15,3.0,125.0,1.0,146.75,2.0,52.0,1.0,147.0,1.0,48.0,3.0,148.0,3.0,,,,,,,,,,,,,,,,,,,,,,,,
19,Germany_Baseload#19#0#10000106,2021-10-05 06:07:04.430000,141.5,4.0,146.75,2.0,125.0,1.0,147.0,1.0,52.0,1.0,148.0,3.0,48.0,3.0,,,,,,,,,,,,,,,,,,,,,,,,,,
20,Germany_Baseload#19#0#10000106,2021-10-05 06:07:39.262000,141.5,4.0,146.75,2.0,140.0,1.0,147.0,1.0,125.0,1.0,148.0,3.0,52.0,1.0,,,48.0,3.0,,,,,,,,,,,,,,,,,,,,,,
21,Germany_Baseload#19#0#10000106,2021-10-05 06:07:39.395000,141.5,4.0,144.5,1.0,140.0,1.0,146.75,2.0,125.0,1.0,147.0,1.0,52.0,1.0,148.0,3.0,48.0,3.0,,,,,,,,,,,,,,,,,,,,,,
22,Germany_Baseload#19#0#10000106,2021-10-05 06:07:50.858000,141.5,4.0,144.25,1.0,140.0,1.0,144.5,1.0,125.0,1.0,146.75,2.0,52.0,1.0,147.0,1.0,48.0,3.0,148.0,3.0,,,,,,,,,,,,,,,,,,,,
23,Germany_Baseload#19#0#10000106,2021-10-05 06:07:54.233000,141.5,4.0,144.25,1.0,140.0,1.0,144.5,2.0,125.0,1.0,146.75,1.0,52.0,1.0,147.0,1.0,48.0,3.0,148.0,3.0,,,,,,,,,,,,,,,,,,,,
24,Germany_Baseload#19#0#10000106,2021-10-05 06:08:04.502000,141.5,4.0,144.25,1.0,140.0,1.0,144.46,1.0,125.0,1.0,144.5,1.0,52.0,1.0,146.75,1.0,48.0,3.0,147.0,1.0,,,148.0,3.0,,,,,,,,,,,,,,,,
25,Germany_Baseload#19#0#10000106,2021-10-05 06:08:14.071000,141.5,4.0,144.25,1.0,140.0,1.0,144.46,1.0,125.0,1.0,144.5,1.0,52.0,1.0,145.64,1.0,48.0,3.0,146.75,1.0,,,147.0,1.0,,,148.0,3.0,,,,,,,,,,,,
26,Germany_Baseload#19#0#10000106,2021-10-05 06:08:14.164000,141.5,4.0,144.25,1.0,140.0,1.0,144.46,1.0,125.0,1.0,144.5,1.0,52.0,1.0,145.63,1.0,48.0,3.0,146.75,1.0,,,147.0,1.0,,,148.0,3.0,,,,,,,,,,,,
27,Germany_Baseload#19#0#10000106,2021-10-05 06:08:15.930000,141.5,4.0,144.25,1.0,140.0,1.0,144.46,1.0,125.0,1.0,144.5,1.0,52.0,1.0,145.6,1.0,48.0,3.0,146.75,1.0,,,147.0,1.0,,,148.0,3.0,,,,,,,,,,,,
28,Germany_Baseload#19#0#10000106,2021-10-05 06:08:17.102000,141.5,4.0,144.25,1.0,140.0,1.0,144.46,1.0,125.0,1.0,144.5,1.0,52.0,1.0,145.58,1.0,48.0,3.0,146.75,1.0,,,147.0,1.0,,,148.0,3.0,,,,,,,,,,,,
29,Germany_Baseload#19#0#10000106,2021-10-05 06:08:18.920000,141.5,4.0,144.25,1.0,140.0,1.0,144.46,1.0,125.0,1.0,144.5,1.0,52.0,1.0,145.56,1.0,48.0,3.0,146.75,1.0,,,147.0,1.0,,,148.0,3.0,,,,,,,,,,,,
30,Germany_Baseload#19#0#10000106,2021-10-05 06:08:20.154000,141.5,4.0,144.25,1.0,140.0,1.0,144.46,1.0,125.0,1.0,144.5,1.0,52.0,1.0,145.55,1.0,48.0,3.0,146.75,1.0,,,147.0,1.0,,,148.0,3.0,,,,,,,,,,,,
31,Germany_Baseload#19#0#10000106,2021-10-05 06:08:22.140000,141.5,4.0,144.25,1.0,140.0,1.0,144.46,1.0,125.0,1.0,144.5,1.0,52.0,1.0,145.52,1.0,48.0,3.0,146.75,1.0,,,147.0,1.0,,,148.0,3.0,,,,,,,,,,,,
32,Germany_Baseload#19#0#10000106,2021-10-05 06:08:22.235000,141.5,4.0,144.25,1.0,140.0,1.0,144.46,1.0,125.0,1.0,144.5,1.0,52.0,1.0,146.75,1.0,48.0,3.0,147.0,1.0,,,148.0,3.0,,,,,,,,,,,,,,,,
33,Germany_Baseload#19#0#10000106,2021-10-05 06:08:23.221000,141.5,4.0,144.25,1.0,140.0,1.0,144.46,1.0,125.0,1.0,144.5,1.0,52.0,1.0,145.52,1.0,48.0,3.0,146.75,1.0,,,147.0,1.0,,,148.0,3.0,,,,,,,,,,,,
34,Germany_Baseload#19#0#10000106,2021-10-05 06:08:23.456000,141.5,1.0,144.25,1.0,140.0,1.0,144.46,1.0,125.0,1.0,144.5,1.0,52.0,1.0,145.52,1.0,48.0,3.0,146.75,1.0,,,147.0,1.0,,,148.0,3.0,,,,,,,,,,,,
35,Germany_Baseload#19#0#10000106,2021-10-05 06:08:23.486000,142.0,1.0,144.25,1.0,141.5,1.0,144.46,1.0,140.0,1.0,144.5,1.0,125.0,1.0,145.52,1.0,52.0,1.0,146.75,1.0,48.0,3.0,147.0,1.0,,,148.0,3.0,,,,,,,,,,,,
36,Germany_Baseload#19#0#10000106,2021-10-05 06:08:25.150000,142.0,1.0,144.25,1.0,141.5,1.0,144.46,1.0,140.0,1.0,144.5,1.0,125.0,1.0,145.5,1.0,52.0,1.0,146.75,1.0,48.0,3.0,147.0,1.0,,,148.0,3.0,,,,,,,,,,,,
37,Germany_Baseload#19#0#10000106,2021-10-05 06:08:26.549000,142.0,1.0,144.25,1.0,141.5,1.0,144.46,1.0,140.0,1.0,144.5,1.0,125.0,1.0,145.48,1.0,52.0,1.0,146.75,1.0,48.0,3.0,147.0,1.0,,,148.0,3.0,,,,,,,,,,,,
38,Germany_Baseload#19#0#10000106,2021-10-05 06:08:28.144000,142.0,1.0,144.25,1.0,141.5,1.0,144.46,1.0,140.0,1.0,144.5,1.0,125.0,1.0,145.46,1.0,52.0,1.0,145.48,1.0,48.0,3.0,146.75,1.0,,,147.0,1.0,,,148.0,3.0,,,,,,,,
39,Germany_Baseload#19#0#10000106,2021-10-05 06:08:28.145000,142.0,1.0,144.25,1.0,141.5,1.0,144.46,1.0,140.0,1.0,144.5,1.0,125.0,1.0,145.46,1.0,52.0,1.0,146.75,1.0,48.0,3.0,147.0,1.0,,,148.0,3.0,,,,,,,,,,,,
40,Germany_Baseload#19#0#10000106,2021-10-05 06:08:29.367000,142.0,1.0,144.25,1.0,141.5,1.0,144.46,1.0,140.0,1.0,144.5,1.0,125.0,1.0,145.42,1.0,52.0,1.0,145.46,1.0,48.0,3.0,146.75,1.0,,,147.0,1.0,,,148.0,3.0,,,,,,,,
41,Germany_Baseload#19#0#10000106,2021-10-05 06:08:29.368000,142.0,1.0,144.25,1.0,141.5,1.0,144.46,1.0,140.0,1.0,144.5,1.0,125.0,1.0,145.42,1.0,52.0,1.0,146.75,1.0,48.0,3.0,147.0,1.0,,,148.0,3.0,,,,,,,,,,,,
42,Germany_Baseload#19#0#10000106,2021-10-05 06:08:30.797000,142.0,1.0,144.25,1.0,141.5,1.0,144.46,1.0,140.0,1.0,144.5,1.0,125.0,1.0,145.4,1.0,52.0,1.0,146.75,1.0,48.0,3.0,147.0,1.0,,,148.0,3.0,,,,,,,,,,,,
43,Germany_Baseload#19#0#10000106,2021-10-05 06:08:31.496000,142.0,1.0,144.25,1.0,141.5,2.0,144.46,1.0,140.0,1.0,144.5,1.0,125.0,1.0,145.4,1.0,52.0,1.0,146.75,1.0,48.0,3.0,147.0,1.0,,,148.0,3.0,,,,,,,,,,,,
44,Germany_Baseload#19#0#10000106,2021-10-05 06:08:32.512000,142.0,1.0,144.25,1.0,141.5,2.0,144.46,1.0,140.0,1.0,144.5,1.0,125.0,1.0,145.38,1.0,52.0,1.0,145.4,1.0,48.0,3.0,146.75,1.0,,,147.0,1.0,,,148.0,3.0,,,,,,,,
45,Germany_Baseload#19#0#10000106,2021-10-05 06:08:32.513000,142.0,1.0,144.25,1.0,141.5,2.0,144.46,1.0,140.0,1.0,144.5,1.0,125.0,1.0,145.38,1.0,52.0,1.0,146.75,1.0,48.0,3.0,147.0,1.0,,,148.0,3.0,,,,,,,,,,,,
46,Germany_Baseload#19#0#10000106,2021-10-05 06:08:34.143000,142.0,1.0,144.25,1.0,141.5,2.0,144.46,1.0,140.0,1.0,144.5,1.0,125.0,1.0,145.36,1.0,52.0,1.0,146.75,1.0,48.0,3.0,147.0,1.0,,,148.0,3.0,,,,,,,,,,,,
47,Germany_Baseload#19#0#10000106,2021-10-05 06:08:34.657000,142.0,1.0,144.25,1.0,141.5,1.0,144.46,1.0,140.0,1.0,144.5,1.0,125.0,1.0,145.36,1.0,52.0,1.0,146.75,1.0,48.0,3.0,147.0,1.0,,,148.0,3.0,,,,,,,,,,,,
48,Germany_Baseload#19#0#10000106,2021-10-05 06:08:36.411000,142.0,1.0,144.25,1.0,141.5,1.0,144.46,1.0,140.0,1.0,144.5,1.0,125.0,1.0,146.75,1.0,52.0,1.0,147.0,1.0,48.0,3.0,148.0,3.0,,,,,,,,,,,,,,,,
49,Germany_Baseload#19#0#10000106,2021-10-05 06:08:36.901000,142.0,1.0,144.25,1.0,141.5,1.0,144.46,1.0,140.0,1.0,144.5,1.0,125.0,1.0,145.35,1.0,52.0,1.0,146.75,1.0,48.0,3.0,147.0,1.0,,,148.0,3.0,,,,,,,,,,,,
50,Germany_Baseload#19#0#10000106,2021-10-05 06:08:38.082000,142.0,1.0,144.25,1.0,141.5,1.0,144.46,1.0,140.0,1.0,144.5,1.0,125.0,1.0,145.34,1.0,52.0,1.0,145.35,1.0,48.0,3.0,146.75,1.0,,,147.0,1.0,,,148.0,3.0,,,,,,,,
51,Germany_Baseload#19#0#10000106,2021-10-05 06:08:38.083000,142.0,1.0,144.25,1.0,141.5,1.0,144.46,1.0,140.0,1.0,144.5,1.0,125.0,1.0,145.34,1.0,52.0,1.0,146.75,1.0,48.0,3.0,147.0,1.0,,,148.0,3.0,,,,,,,,,,,,
52,Germany_Baseload#19#0#10000106,2021-10-05 06:08:39.157000,142.0,1.0,144.25,1.0,141.5,1.0,144.46,1.0,140.0,1.0,144.5,1.0,125.0,1.0,145.33,1.0,52.0,1.0,146.75,1.0,48.0,3.0,147.0,1.0,,,148.0,3.0,,,,,,,,,,,,
53,Germany_Baseload#19#0#10000106,2021-10-05 06:08:40.143000,142.0,1.0,144.25,1.0,141.5,1.0,144.46,1.0,140.0,1.0,144.5,1.0,125.0,1.0,145.32,1.0,52.0,1.0,146.75,1.0,48.0,3.0,147.0,1.0,,,148.0,3.0,,,,,,,,,,,,
54,Germany_Baseload#19#0#10000106,2021-10-05 06:08:41.678000,142.0,1.0,144.25,1.0,141.5,1.0,144.46,1.0,140.0,1.0,144.5,1.0,125.0,1.0,145.3,1.0,52.0,1.0,146.75,1.0,48.0,3.0,147.0,1.0,,,148.0,3.0,,,,,,,,,,,,
55,Germany_Baseload#19#0#10000106,2021-10-05 06:08:43.152000,142.0,1.0,144.25,1.0,141.5,1.0,144.46,1.0,140.0,1.0,144.5,1.0,125.0,1.0,145.28,1.0,52.0,1.0,146.75,1.0,48.0,3.0,147.0,1.0,,,148.0,3.0,,,,,,,,,,,,
56,Germany_Baseload#19#0#10000106,2021-10-05 06:08:45.141000,142.0,1.0,144.25,1.0,141.5,1.0,144.46,1.0,140.0,1.0,144.5,1.0,125.0,1.0,145.24,1.0,52.0,1.0,146.75,1.0,48.0,3.0,147.0,1.0,,,148.0,3.0,,,,,,,,,,,,
57,Germany_Baseload#19#0#10000106,2021-10-05 06:08:46.141000,142.0,1.0,144.25,1.0,141.5,1.0,144.46,1.0,140.0,1.0,144.5,1.0,125.0,1.0,145.23,1.0,52.0,1.0,145.24,1.0,48.0,3.0,146.75,1.0,,,147.0,1.0,,,148.0,3.0,,,,,,,,
58,Germany_Baseload#19#0#10000106,2021-10-05 06:08:46.142000,142.0,1.0,144.25,1.0,141.5,1.0,144.46,1.0,140.0,1.0,144.5,1.0,125.0,1.0,145.23,1.0,52.0,1.0,146.75,1.0,48.0,3.0,147.0,1.0,,,148.0,3.0,,,,,,,,,,,,
59,Germany_Baseload#19#0#10000106,2021-10-05 06:08:47.668000,142.0,1.0,144.25,1.0,141.5,1.0,144.46,1.0,140.0,1.0,144.5,1.0,125.0,1.0,145.21,1.0,52.0,1.0,146.75,1.0,48.0,3.0,147.0,1.0,,,148.0,3.0,,,,,,,,,,,,
60,Germany_Baseload#19#0#10000106,2021-10-05 06:08:49.077000,142.0,1.0,144.25,1.0,141.5,1.0,144.46,1.0,140.0,1.0,144.5,1.0,125.0,1.0,145.2,1.0,52.0,1.0,145.21,1.0,48.0,3.0,146.75,1.0,,,147.0,1.0,,,148.0,3.0,,,,,,,,
61,Germany_Baseload#19#0#10000106,2021-10-05 06:08:49.078000,142.0,1.0,144.25,1.0,141.5,1.0,144.46,1.0,140.0,1.0,144.5,1.0,125.0,1.0,145.2,1.0,52.0,1.0,146.75,1.0,48.0,3.0,147.0,1.0,,,148.0,3.0,,,,,,,,,,,,
62,Germany_Baseload#19#0#10000106,2021-10-05 06:08:50.528000,142.0,1.0,144.25,1.0,141.5,1.0,144.46,1.0,140.0,1.0,144.5,1.0,125.0,1.0,145.18,1.0,52.0,1.0,146.75,1.0,48.0,3.0,147.0,1.0,,,148.0,3.0,,,,,,,,,,,,
63,Germany_Baseload#19#0#10000106,2021-10-05 06:08:50.961000,142.0,1.0,144.25,1.0,141.5,1.0,144.46,1.0,140.0,1.0,144.5,1.0,125.0,1.0,146.75,1.0,52.0,1.0,147.0,1.0,48.0,3.0,148.0,3.0,,,,,,,,,,,,,,,,
64,Germany_Baseload#19#0#10000106,2021-10-05 06:08:51.990000,142.0,1.0,144.25,1.0,141.5,1.0,144.46,1.0,140.0,1.0,144.5,1.0,125.0,1.0,145.19,1.0,52.0,1.0,146.75,1.0,48.0,3.0,147.0,1.0,,,148.0,3.0,,,,,,,,,,,,
65,Germany_Baseload#19#0#10000106,2021-10-05 06:08:53.614000,142.0,1.0,144.25,1.0,141.5,1.0,144.46,1.0,140.0,1.0,144.5,1.0,125.0,1.0,145.18,1.0,52.0,1.0,146.75,1.0,48.0,3.0,147.0,1.0,,,148.0,3.0,,,,,,,,,,,,
66,Germany_Baseload#19#0#10000106,2021-10-05 06:08:55.156000,142.0,1.0,144.25,1.0,141.5,1.0,144.46,1.0,140.0,1.0,144.5,1.0,125.0,1.0,145.16,1.0,52.0,1.0,146.75,1.0,48.0,3.0,147.0,1.0,,,148.0,3.0,,,,,,,,,,,,
67,Germany_Baseload#19#0#10000106,2021-10-05 06:08:56.639000,142.0,1.0,144.25,1.0,141.5,1.0,144.46,1.0,140.0,1.0,144.5,1.0,125.0,1.0,145.15,1.0,52.0,1.0,146.75,1.0,48.0,3.0,147.0,1.0,,,148.0,3.0,,,,,,,,,,,,
68,Germany_Baseload#19#0#10000106,2021-10-05 06:08:58.115000,142.0,1.0,144.25,1.0,141.5,1.0,144.46,1.0,140.0,1.0,144.5,1.0,125.0,1.0,145.13,1.0,52.0,1.0,146.75,1.0,48.0,3.0,147.0,1.0,,,148.0,3.0,,,,,,,,,,,,
69,Germany_Baseload#19#0#10000106,2021-10-05 06:08:59.578000,142.0,1.0,144.25,1.0,141.5,1.0,144.46,1.0,140.0,1.0,144.5,1.0,125.0,1.0,145.09,1.0,52.0,1.0,145.13,1.0,48.0,3.0,146.75,1.0,,,147.0,1.0,,,148.0,3.0,,,,,,,,
70,Germany_Baseload#19#0#10000106,2021-10-05 06:08:59.579000,142.0,1.0,144.25,1.0,141.5,1.0,144.46,1.0,140.0,1.0,144.5,1.0,125.0,1.0,145.09,1.0,52.0,1.0,146.75,1.0,48.0,3.0,147.0,1.0,,,148.0,3.0,,,,,,,,,,,,
71,Germany_Baseload#19#0#10000106,2021-10-05 06:09:01.151000,142.0,1.0,144.25,1.0,141.5,1.0,144.46,1.0,140.0,1.0,144.5,1.0,125.0,1.0,145.07,1.0,52.0,1.0,146.75,1.0,48.0,3.0,147.0,1.0,,,148.0,3.0,,,,,,,,,,,,
72,Germany_Baseload#19#0#10000106,2021-10-05 06:09:03.144000,142.0,1.0,144.25,1.0,141.5,1.0,144.46,1.0,140.0,1.0,144.5,1.0,125.0,1.0,145.06,1.0,52.0,1.0,145.07,1.0,48.0,3.0,146.75,1.0,,,147.0,1.0,,,148.0,3.0,,,,,,,,
73,Germany_Baseload#19#0#10000106,2021-10-05 06:09:03.145000,142.0,1.0,144.25,1.0,141.5,1.0,144.46,1.0,140.0,1.0,144.5,1.0,125.0,1.0,145.06,1.0,52.0,1.0,146.75,1.0,48.0,3.0,147.0,1.0,,,148.0,3.0,,,,,,,,,,,,
74,Germany_Baseload#19#0#10000106,2021-10-05 06:09:04.138000,142.0,1.0,144.25,1.0,141.5,1.0,144.46,1.0,140.0,1.0,144.5,1.0,125.0,1.0,145.05,1.0,52.0,1.0,146.75,1.0,48.0,3.0,147.0,1.0,,,148.0,3.0,,,,,,,,,,,,
75,Germany_Baseload#19#0#10000106,2021-10-05 06:09:05.881000,142.0,1.0,144.25,1.0,141.5,1.0,144.46,1.0,140.0,1.0,144.5,1.0,125.0,1.0,145.03,1.0,52.0,1.0,145.05,1.0,48.0,3.0,146.75,1.0,,,147.0,1.0,,,148.0,3.0,,,,,,,,
76,Germany_Baseload#19#0#10000106,2021-10-05 06:09:05.882000,142.0,1.0,144.25,1.0,141.5,1.0,144.46,1.0,140.0,1.0,144.5,1.0,125.0,1.0,145.03,1.0,52.0,1.0,146.75,1.0,48.0,3.0,147.0,1.0,,,148.0,3.0,,,,,,,,,,,,
77,Germany_Baseload#19#0#10000106,2021-10-05 06:09:05.968000,142.0,1.0,144.25,1.0,141.5,1.0,144.46,1.0,140.0,1.0,144.5,1.0,125.0,1.0,146.75,1.0,52.0,1.0,147.0,1.0,48.0,3.0,148.0,3.0,,,,,,,,,,,,,,,,
78,Germany_Baseload#19#0#10000106,2021-10-05 06:09:07.171000,142.0,1.0,144.25,1.0,141.5,1.0,144.46,1.0,140.0,1.0,144.5,1.0,125.0,1.0,145.05,1.0,52.0,1.0,146.75,1.0,48.0,3.0,147.0,1.0,,,148.0,3.0,,,,,,,,,,,,
79,Germany_Baseload#19#0#10000106,2021-10-05 06:09:09.904000,142.0,1.0,144.25,1.0,141.5,1.0,144.46,1.0,140.0,1.0,144.5,1.0,125.0,1.0,145.04,1.0,52.0,1.0,146.75,1.0,48.0,3.0,147.0,1.0,,,148.0,3.0,,,,,,,,,,,,
80,Germany_Baseload#19#0#10000106,2021-10-05 06:09:10.672000,142.0,1.0,144.25,1.0,141.5,1.0,144.46,1.0,140.0,1.0,144.5,1.0,125.0,1.0,145.03,1.0,52.0,1.0,146.75,1.0,48.0,3.0,147.0,1.0,,,148.0,3.0,,,,,,,,,,,,
81,Germany_Baseload#19#0#10000106,2021-10-05 06:09:12.140000,142.0,1.0,144.25,1.0,141.5,1.0,144.46,1.0,140.0,1.0,144.5,1.0,125.0,1.0,145.02,1.0,52.0,1.0,146.75,1.0,48.0,3.0,147.0,1.0,,,148.0,3.0,,,,,,,,,,,,
82,Germany_Baseload#19#0#10000106,2021-10-05 06:09:13.486000,142.0,1.0,144.25,1.0,141.5,1.0,144.46,1.0,140.0,1.0,144.5,1.0,125.0,1.0,144.99,1.0,52.0,1.0,146.75,1.0,48.0,3.0,147.0,1.0,,,148.0,3.0,,,,,,,,,,,,
83,Germany_Baseload#19#0#10000106,2021-10-05 06:09:15.139000,142.0,1.0,144.25,1.0,141.5,1.0,144.46,1.0,140.0,1.0,144.5,1.0,125.0,1.0,144.97,1.0,52.0,1.0,146.75,1.0,48.0,3.0,147.0,1.0,,,148.0,3.0,,,,,,,,,,,,
84,Germany_Baseload#19#0#10000106,2021-10-05 06:09:16.311000,142.0,1.0,144.25,1.0,141.5,1.0,144.46,1.0,140.0,1.0,144.5,1.0,125.0,1.0,144.96,1.0,52.0,1.0,146.75,1.0,48.0,3.0,147.0,1.0,,,148.0,3.0,,,,,,,,,,,,
85,Germany_Baseload#19#0#10000106,2021-10-05 06:09:18.126000,142.0,1.0,144.25,1.0,141.5,1.0,144.46,1.0,140.0,1.0,144.5,1.0,125.0,1.0,144.94,1.0,52.0,1.0,144.96,1.0,48.0,3.0,146.75,1.0,,,147.0,1.0,,,148.0,3.0,,,,,,,,
86,Germany_Baseload#19#0#10000106,2021-10-05 06:09:18.127000,142.0,1.0,144.25,1.0,141.5,1.0,144.46,1.0,140.0,1.0,144.5,1.0,125.0,1.0,144.94,1.0,52.0,1.0,146.75,1.0,48.0,3.0,147.0,1.0,,,148.0,3.0,,,,,,,,,,,,
87,Germany_Baseload#19#0#10000106,2021-10-05 06:09:19.223000,142.0,1.0,144.25,1.0,141.5,1.0,144.46,1.0,140.0,1.0,144.5,1.0,125.0,1.0,144.93,1.0,52.0,1.0,146.75,1.0,48.0,3.0,147.0,1.0,,,148.0,3.0,,,,,,,,,,,,
88,Germany_Baseload#19#0#10000106,2021-10-05 06:09:20.245000,142.0,2.0,144.25,1.0,141.5,2.0,144.46,1.0,140.0,1.0,144.5,1.0,125.0,1.0,144.93,1.0,52.0,1.0,146.75,1.0,48.0,3.0,147.0,1.0,,,148.0,3.0,,,,,,,,,,,,
89,Germany_Baseload#19#0#10000106,2021-10-05 06:09:21.332000,142.0,2.0,144.25,1.0,141.5,2.0,144.46,1.0,140.0,1.0,144.5,1.0,125.0,1.0,144.92,1.0,52.0,1.0,146.75,1.0,48.0,3.0,147.0,1.0,,,148.0,3.0,,,,,,,,,,,,
90,Germany_Baseload#19#0#10000106,2021-10-05 06:09:22.739000,142.0,2.0,144.25,1.0,141.5,2.0,144.46,1.0,140.0,1.0,144.5,1.0,125.0,1.0,144.91,1.0,52.0,1.0,146.75,1.0,48.0,3.0,147.0,1.0,,,148.0,3.0,,,,,,,,,,,,
91,Germany_Baseload#19#0#10000106,2021-10-05 06:09:23.807000,142.0,2.0,144.25,1.0,141.5,2.0,144.46,1.0,140.0,1.0,144.5,1.0,125.0,1.0,144.9,1.0,52.0,1.0,146.75,1.0,48.0,3.0,147.0,1.0,,,148.0,3.0,,,,,,,,,,,,
92,Germany_Baseload#19#0#10000106,2021-10-05 06:09:24.059000,142.0,2.0,144.25,1.0,141.5,2.0,144.46,1.0,140.0,1.0,144.5,1.0,125.0,1.0,146.75,1.0,52.0,1.0,147.0,1.0,48.0,3.0,148.0,3.0,,,,,,,,,,,,,,,,
93,Germany_Baseload#19#0#10000106,2021-10-05 06:09:25.731000,142.0,2.0,144.25,1.0,141.5,2.0,144.46,1.0,140.0,1.0,144.5,1.0,125.0,1.0,144.9,1.0,52.0,1.0,146.75,1.0,48.0,3.0,147.0,1.0,,,148.0,3.0,,,,,,,,,,,,
94,Germany_Baseload#19#0#10000106,2021-10-05 06:09:26.120000,142.0,2.0,144.25,1.0,141.5,2.0,144.46,1.0,140.0,1.0,144.5,1.0,125.0,1.0,146.75,1.0,52.0,1.0,147.0,1.0,48.0,3.0,148.0,3.0,,,,,,,,,,,,,,,,
95,Germany_Baseload#19#0#10000106,2021-10-05 06:09:27.140000,142.0,2.0,144.25,1.0,141.5,2.0,144.46,1.0,140.0,1.0,144.5,1.0,125.0,1.0,144.92,1.0,52.0,1.0,146.75,1.0,48.0,3.0,147.0,1.0,,,148.0,3.0,,,,,,,,,,,,
96,Germany_Baseload#19#0#10000106,2021-10-05 06:09:28.548000,142.0,2.0,144.25,1.0,141.5,2.0,144.46,1.0,140.0,1.0,144.5,1.0,125.0,1.0,144.88,1.0,52.0,1.0,146.75,1.0,48.0,3.0,147.0,1.0,,,148.0,3.0,,,,,,,,,,,,
97,Germany_Baseload#19#0#10000106,2021-10-05 06:09:30.139000,142.0,2.0,144.25,1.0,141.5,2.0,144.46,1.0,140.0,1.0,144.5,1.0,125.0,1.0,144.86,1.0,52.0,1.0,146.75,1.0,48.0,3.0,147.0,1.0,,,148.0,3.0,,,,,,,,,,,,
98,Germany_Baseload#19#0#10000106,2021-10-05 06:09:32.138000,142.0,2.0,144.25,1.0,141.5,2.0,144.46,1.0,140.0,1.0,144.5,1.0,125.0,1.0,144.84,1.0,52.0,1.0,144.86,1.0,48.0,3.0,146.75,1.0,,,147.0,1.0,,,148.0,3.0,,,,,,,,
99,Germany_Baseload#19#0#10000106,2021-10-05 06:09:32.139000,142.0,2.0,144.25,1.0,141.5,2.0,144.46,1.0,140.0,1.0,144.5,1.0,125.0,1.0,144.84,1.0,52.0,1.0,146.75,1.0,48.0,3.0,147.0,1.0,,,148.0,3.0,,,,,,,,,,,,
100,Germany_Baseload#19#0#10000106,2021-10-05 06:09:33.139000,142.0,2.0,144.25,1.0,141.5,2.0,144.46,1.0,140.0,1.0,144.5,1.0,125.0,1.0,144.83,1.0,52.0,1.0,144.84,1.0,48.0,3.0,146.75,1.0,,,147.0,1.0,,,148.0,3.0,,,,,,,,
101,Germany_Baseload#19#0#10000106,2021-10-05 06:09:33.140000,142.0,2.0,144.25,1.0,141.5,2.0,144.46,1.0,140.0,1.0,144.5,1.0,125.0,1.0,144.83,1.0,52.0,1.0,146.75,1.0,48.0,3.0,147.0,1.0,,,148.0,3.0,,,,,,,,,,,,
102,Germany_Baseload#19#0#10000106,2021-10-05 06:09:35.146000,142.0,2.0,144.25,1.0,141.5,2.0,144.46,1.0,140.0,1.0,144.5,1.0,125.0,1.0,144.82,1.0,52.0,1.0,146.75,1.0,48.0,3.0,147.0,1.0,,,148.0,3.0,,,,,,,,,,,,
103,Germany_Baseload#19#0#10000106,2021-10-05 06:09:36.156000,142.0,2.0,144.25,1.0,141.5,2.0,144.46,1.0,140.0,1.0,144.5,1.0,125.0,1.0,144.79,1.0,52.0,1.0,144.82,1.0,48.0,3.0,146.75,1.0,,,147.0,1.0,,,148.0,3.0,,,,,,,,
104,Germany_Baseload#19#0#10000106,2021-10-05 06:09:36.157000,142.0,2.0,144.25,1.0,141.5,2.0,144.46,1.0,140.0,1.0,144.5,1.0,125.0,1.0,144.79,1.0,52.0,1.0,146.75,1.0,48.0,3.0,147.0,1.0,,,148.0,3.0,,,,,,,,,,,,
105,Germany_Baseload#19#0#10000106,2021-10-05 06:09:39.143000,142.0,2.0,144.25,1.0,141.5,2.0,144.46,1.0,140.0,1.0,144.5,1.0,125.0,1.0,144.78,1.0,52.0,1.0,146.75,1.0,48.0,3.0,147.0,1.0,,,148.0,3.0,,,,,,,,,,,,
106,Germany_Baseload#19#0#10000106,2021-10-05 06:09:39.232000,142.0,2.0,144.25,1.0,141.5,2.0,144.46,1.0,140.0,1.0,144.5,1.0,125.0,1.0,144.79,1.0,52.0,1.0,146.75,1.0,48.0,3.0,147.0,1.0,,,148.0,3.0,,,,,,,,,,,,
107,Germany_Baseload#19#0#10000106,2021-10-05 06:09:41.139000,142.0,2.0,144.25,1.0,141.5,2.0,144.46,1.0,140.0,1.0,144.5,1.0,125.0,1.0,144.78,1.0,52.0,1.0,144.79,1.0,48.0,3.0,146.75,1.0,,,147.0,1.0,,,148.0,3.0,,,,,,,,
108,Germany_Baseload#19#0#10000106,2021-10-05 06:09:41.140000,142.0,2.0,144.25,1.0,141.5,2.0,144.46,1.0,140.0,1.0,144.5,1.0,125.0,1.0,144.78,1.0,52.0,1.0,146.75,1.0,48.0,3.0,147.0,1.0,,,148.0,3.0,,,,,,,,,,,,
109,Germany_Baseload#19#0#10000106,2021-10-05 06:09:42.884000,142.0,2.0,144.25,1.0,141.5,2.0,144.46,1.0,140.0,1.0,144.5,1.0,125.0,1.0,144.75,1.0,52.0,1.0,146.75,1.0,48.0,3.0,147.0,1.0,,,148.0,3.0,,,,,,,,,,,,
110,Germany_Baseload#19#0#10000106,2021-10-05 06:09:47.142000,142.0,2.0,144.25,1.0,141.5,2.0,144.46,1.0,140.0,1.0,144.5,1.0,125.0,1.0,144.74,1.0,52.0,1.0,146.75,1.0,48.0,3.0,147.0,1.0,,,148.0,3.0,,,,,,,,,,,,
111,Germany_Baseload#19#0#10000106,2021-10-05 06:09:50.417000,142.0,2.0,144.25,1.0,141.5,2.0,144.46,1.0,140.0,1.0,144.5,1.0,125.0,1.0,144.71,1.0,52.0,1.0,144.74,1.0,48.0,3.0,146.75,1.0,,,147.0,1.0,,,148.0,3.0,,,,,,,,
112,Germany_Baseload#19#0#10000106,2021-10-05 06:09:50.418000,142.0,2.0,144.25,1.0,141.5,2.0,144.46,1.0,140.0,1.0,144.5,1.0,125.0,1.0,144.71,1.0,52.0,1.0,146.75,1.0,48.0,3.0,147.0,1.0,,,148.0,3.0,,,,,,,,,,,,
113,Germany_Baseload#19#0#10000106,2021-10-05 06:09:50.592000,142.0,2.0,144.25,1.0,141.5,2.0,144.46,1.0,140.0,1.0,144.5,1.0,125.0,1.0,144.72,1.0,52.0,1.0,146.75,1.0,48.0,3.0,147.0,1.0,,,148.0,3.0,,,,,,,,,,,,
114,Germany_Baseload#19#0#10000106,2021-10-05 06:09:54.149000,142.0,2.0,144.25,1.0,141.5,2.0,144.46,1.0,140.0,1.0,144.5,1.0,125.0,1.0,144.71,1.0,52.0,1.0,146.75,1.0,48.0,3.0,147.0,1.0,,,148.0,3.0,,,,,,,,,,,,
115,Germany_Baseload#19#0#10000106,2021-10-05 06:09:57.057000,142.0,2.0,144.25,1.0,141.5,2.0,144.46,1.0,140.0,1.0,144.5,1.0,125.0,1.0,144.7,1.0,52.0,1.0,146.75,1.0,48.0,3.0,147.0,1.0,,,148.0,3.0,,,,,,,,,,,,
116,Germany_Baseload#19#0#10000106,2021-10-05 06:09:57.527000,142.0,2.0,144.46,1.0,141.5,2.0,144.5,1.0,140.0,1.0,144.7,1.0,125.0,1.0,146.75,1.0,52.0,1.0,147.0,1.0,48.0,3.0,148.0,3.0,,,,,,,,,,,,,,,,
117,Germany_Baseload#19#0#10000106,2021-10-05 06:09:57.790000,142.0,2.0,144.46,1.0,141.5,2.0,144.5,1.0,140.0,1.0,144.84,1.0,125.0,1.0,146.75,1.0,52.0,1.0,147.0,1.0,48.0,3.0,148.0,3.0,,,,,,,,,,,,,,,,
118,Germany_Baseload#19#0#10000106,2021-10-05 06:09:59.156000,142.0,2.0,144.46,1.0,141.5,2.0,144.5,1.0,140.0,1.0,144.77,2.0,125.0,1.0,144.84,1.0,52.0,1.0,146.75,1.0,48.0,3.0,147.0,1.0,,,148.0,3.0,,,,,,,,,,,,
119,Germany_Baseload#19#0#10000106,2021-10-05 06:09:59.157000,142.0,2.0,144.46,1.0,141.5,2.0,144.5,1.0,140.0,1.0,144.77,2.0,125.0,1.0,146.75,1.0,52.0,1.0,147.0,1.0,48.0,3.0,148.0,3.0,,,,,,,,,,,,,,,,
120,Germany_Baseload#19#0#10000106,2021-10-05 06:10:02.609000,142.0,3.0,144.46,1.0,141.5,2.0,144.5,1.0,140.0,1.0,144.77,2.0,125.0,1.0,146.75,1.0,52.0,1.0,147.0,1.0,48.0,3.0,148.0,3.0,,,,,,,,,,,,,,,,
121,Germany_Baseload#19#0#10000106,2021-10-05 06:10:07.131000,142.0,3.0,144.46,1.0,141.5,2.0,144.77,2.0,140.0,1.0,146.75,1.0,125.0,1.0,147.0,1.0,52.0,1.0,148.0,3.0,48.0,3.0,,,,,,,,,,,,,,,,,,
122,Germany_Baseload#19#0#10000106,2021-10-05 06:10:09.254000,142.0,3.0,144.46,1.0,141.5,2.0,144.76,2.0,140.0,1.0,146.75,1.0,125.0,1.0,147.0,1.0,52.0,1.0,148.0,3.0,48.0,3.0,,,,,,,,,,,,,,,,,,
123,Germany_Baseload#19#0#10000106,2021-10-05 06:10:11.136000,142.0,3.0,144.46,1.0,141.5,2.0,144.75,2.0,140.0,1.0,146.75,1.0,125.0,1.0,147.0,1.0,52.0,1.0,148.0,3.0,48.0,3.0,,,,,,,,,,,,,,,,,,
124,Germany_Baseload#19#0#10000106,2021-10-05 06:10:12.993000,142.0,3.0,144.46,1.0,141.5,2.0,144.75,2.0,140.0,1.0,145.0,1.0,125.0,1.0,146.75,1.0,52.0,1.0,147.0,1.0,48.0,3.0,148.0,3.0,,,,,,,,,,,,,,,,
125,Germany_Baseload#19#0#10000106,2021-10-05 06:10:14.421000,142.0,3.0,144.46,2.0,141.5,2.0,144.75,2.0,140.0,1.0,145.0,1.0,125.0,1.0,146.75,1.0,52.0,1.0,147.0,1.0,48.0,3.0,148.0,3.0,,,,,,,,,,,,,,,,
126,Germany_Baseload#19#0#10000106,2021-10-05 06:10:16.168000,142.0,3.0,144.46,2.0,141.5,2.0,144.74,2.0,140.0,1.0,144.75,2.0,125.0,1.0,145.0,1.0,52.0,1.0,146.75,1.0,48.0,3.0,147.0,1.0,,,148.0,3.0,,,,,,,,,,,,
127,Germany_Baseload#19#0#10000106,2021-10-05 06:10:16.169000,142.0,3.0,144.46,2.0,141.5,2.0,144.74,2.0,140.0,1.0,145.0,1.0,125.0,1.0,146.75,1.0,52.0,1.0,147.0,1.0,48.0,3.0,148.0,3.0,,,,,,,,,,,,,,,,
128,Germany_Baseload#19#0#10000106,2021-10-05 06:10:16.299000,142.0,3.0,144.46,2.0,141.5,2.0,144.74,1.0,140.0,1.0,145.0,1.0,125.0,1.0,146.75,1.0,52.0,1.0,147.0,1.0,48.0,3.0,148.0,3.0,,,,,,,,,,,,,,,,
129,Germany_Baseload#19#0#10000106,2021-10-05 06:10:20.572000,142.0,3.0,144.46,2.0,141.5,2.0,144.73,1.0,140.0,1.0,145.0,1.0,125.0,1.0,146.75,1.0,52.0,1.0,147.0,1.0,48.0,3.0,148.0,3.0,,,,,,,,,,,,,,,,
130,Germany_Baseload#19#0#10000106,2021-10-05 06:10:26.129000,142.0,3.0,144.46,2.0,141.5,2.0,144.72,1.0,140.0,1.0,145.0,1.0,125.0,1.0,146.75,1.0,52.0,1.0,147.0,1.0,48.0,3.0,148.0,3.0,,,,,,,,,,,,,,,,
131,Germany_Baseload#19#0#10000106,2021-10-05 06:10:36.150000,142.5,1.0,144.46,2.0,142.0,3.0,144.72,1.0,141.5,2.0,145.0,1.0,140.0,1.0,146.75,1.0,125.0,1.0,147.0,1.0,52.0,1.0,148.0,3.0,48.0,3.0,,,,,,,,,,,,,,
132,Germany_Baseload#19#0#10000106,2021-10-05 06:10:36.181000,142.5,1.0,144.46,2.0,142.47,1.0,144.72,1.0,142.0,3.0,145.0,1.0,141.5,2.0,146.75,1.0,140.0,1.0,147.0,1.0,125.0,1.0,148.0,3.0,52.0,1.0,,,48.0,3.0,,,,,,,,,,
133,Germany_Baseload#19#0#10000106,2021-10-05 06:10:36.197000,142.5,1.0,144.46,2.0,142.47,2.0,144.72,1.0,142.0,3.0,145.0,1.0,141.5,2.0,146.75,1.0,140.0,1.0,147.0,1.0,125.0,1.0,148.0,3.0,52.0,1.0,,,48.0,3.0,,,,,,,,,,
134,Germany_Baseload#19#0#10000106,2021-10-05 06:10:36.318000,142.5,1.0,144.46,2.0,142.47,2.0,144.72,1.0,142.05,1.0,145.0,1.0,142.0,3.0,146.75,1.0,141.5,2.0,147.0,1.0,140.0,1.0,148.0,3.0,125.0,1.0,,,52.0,1.0,,,48.0,3.0,,,,,,
135,Germany_Baseload#19#0#10000106,2021-10-05 06:10:50.544000,142.5,1.0,144.46,2.0,142.47,2.0,144.72,1.0,142.05,1.0,145.0,1.0,142.0,1.0,146.75,1.0,141.5,2.0,147.0,1.0,140.0,1.0,148.0,3.0,125.0,1.0,,,52.0,1.0,,,48.0,3.0,,,,,,
136,Germany_Baseload#19#0#10000106,2021-10-05 06:10:50.611000,142.5,1.0,144.46,2.0,142.47,2.0,144.72,1.0,142.05,1.0,145.0,1.0,142.0,1.0,146.75,1.0,141.5,2.0,147.0,1.0,140.0,1.0,148.0,3.0,125.0,1.0,,,52.0,1.0,,,48.0,3.0,,,,,,
137,Germany_Baseload#19#0#10000106,2021-10-05 06:10:50.639000,142.5,1.0,144.46,2.0,142.47,2.0,144.72,1.0,142.0,2.0,145.0,1.0,141.5,2.0,146.75,1.0,140.0,1.0,147.0,1.0,125.0,1.0,148.0,3.0,52.0,1.0,,,48.0,3.0,,,,,,,,,,
138,Germany_Baseload#19#0#10000106,2021-10-05 06:11:09.252000,142.5,1.0,144.46,2.0,142.47,2.0,144.71,2.0,142.0,2.0,144.72,1.0,141.5,2.0,145.0,1.0,140.0,1.0,146.75,1.0,125.0,1.0,147.0,1.0,52.0,1.0,148.0,3.0,48.0,3.0,,,,,,,,,,
139,Germany_Baseload#19#0#10000106,2021-10-05 06:11:09.253000,142.5,1.0,144.46,2.0,142.47,2.0,144.71,2.0,142.0,2.0,145.0,1.0,141.5,2.0,146.75,1.0,140.0,1.0,147.0,1.0,125.0,1.0,148.0,3.0,52.0,1.0,,,48.0,3.0,,,,,,,,,,
140,Germany_Baseload#19#0#10000106,2021-10-05 06:11:10.998000,142.5,2.0,144.46,2.0,142.47,2.0,144.71,2.0,142.0,1.0,145.0,1.0,141.5,2.0,146.75,1.0,140.0,1.0,147.0,1.0,125.0,1.0,148.0,3.0,52.0,1.0,,,48.0,3.0,,,,,,,,,,
141,Germany_Baseload#19#0#10000106,2021-10-05 06:11:30.001000,142.5,2.0,144.46,2.0,142.47,2.0,144.7,2.0,142.0,1.0,145.0,1.0,141.5,2.0,146.75,1.0,140.0,1.0,147.0,1.0,125.0,1.0,148.0,3.0,52.0,1.0,,,48.0,3.0,,,,,,,,,,
142,Germany_Baseload#19#0#10000106,2021-10-05 06:11:30.167000,142.5,2.0,144.46,2.0,142.47,2.0,144.71,2.0,142.0,1.0,145.0,1.0,141.5,2.0,146.75,1.0,140.0,1.0,147.0,1.0,125.0,1.0,148.0,3.0,52.0,1.0,,,48.0,3.0,,,,,,,,,,
143,Germany_Baseload#19#0#10000106,2021-10-05 06:11:38.690000,142.5,2.0,144.46,2.0,142.47,2.0,144.7,2.0,142.0,1.0,145.0,1.0,141.5,2.0,146.75,1.0,140.0,1.0,147.0,1.0,125.0,1.0,148.0,3.0,52.0,1.0,,,48.0,3.0,,,,,,,,,,
144,Germany_Baseload#19#0#10000106,2021-10-05 06:11:38.795000,142.5,2.0,144.46,2.0,142.47,2.0,144.71,2.0,142.0,1.0,145.0,1.0,141.5,2.0,146.75,1.0,140.0,1.0,147.0,1.0,125.0,1.0,148.0,3.0,52.0,1.0,,,48.0,3.0,,,,,,,,,,
145,Germany_Baseload#19#0#10000106,2021-10-05 06:11:51.683000,142.5,2.0,144.46,2.0,142.47,2.0,144.7,2.0,142.0,1.0,144.71,2.0,141.5,2.0,145.0,1.0,140.0,1.0,146.75,1.0,125.0,1.0,147.0,1.0,52.0,1.0,148.0,3.0,48.0,3.0,,,,,,,,,,
146,Germany_Baseload#19#0#10000106,2021-10-05 06:11:51.684000,142.5,2.0,144.46,2.0,142.47,2.0,144.7,2.0,142.0,1.0,145.0,1.0,141.5,2.0,146.75,1.0,140.0,1.0,147.0,1.0,125.0,1.0,148.0,3.0,52.0,1.0,,,48.0,3.0,,,,,,,,,,
147,Germany_Baseload#19#0#10000106,2021-10-05 06:11:51.779000,142.5,2.0,144.46,2.0,142.47,2.0,144.7,2.0,142.0,1.0,144.71,2.0,141.5,2.0,145.0,1.0,140.0,1.0,146.75,1.0,125.0,1.0,147.0,1.0,52.0,1.0,148.0,3.0,48.0,3.0,,,,,,,,,,
148,Germany_Baseload#19#0#10000106,2021-10-05 06:11:51.780000,142.5,2.0,144.46,2.0,142.47,2.0,144.71,2.0,142.0,1.0,145.0,1.0,141.5,2.0,146.75,1.0,140.0,1.0,147.0,1.0,125.0,1.0,148.0,3.0,52.0,1.0,,,48.0,3.0,,,,,,,,,,
149,Germany_Baseload#19#0#10000106,2021-10-05 06:11:59.586000,142.5,2.0,144.46,2.0,142.47,2.0,144.7,2.0,142.0,1.0,144.71,2.0,141.5,2.0,145.0,1.0,140.0,1.0,146.75,1.0,125.0,1.0,147.0,1.0,52.0,1.0,148.0,3.0,48.0,3.0,,,,,,,,,,
150,Germany_Baseload#19#0#10000106,2021-10-05 06:11:59.587000,142.5,2.0,144.46,2.0,142.47,2.0,144.7,2.0,142.0,1.0,145.0,1.0,141.5,2.0,146.75,1.0,140.0,1.0,147.0,1.0,125.0,1.0,148.0,3.0,52.0,1.0,,,48.0,3.0,,,,,,,,,,
151,Germany_Baseload#19#0#10000106,2021-10-05 06:11:59.693000,142.5,2.0,144.46,2.0,142.47,2.0,144.71,2.0,142.0,1.0,145.0,1.0,141.5,2.0,146.75,1.0,140.0,1.0,147.0,1.0,125.0,1.0,148.0,3.0,52.0,1.0,,,48.0,3.0,,,,,,,,,,
152,Germany_Baseload#19#0#10000106,2021-10-05 06:12:01.177000,142.5,2.0,144.46,2.0,142.47,2.0,144.7,2.0,142.0,1.0,144.71,2.0,141.5,2.0,145.0,1.0,140.0,1.0,146.75,1.0,125.0,1.0,147.0,1.0,52.0,1.0,148.0,3.0,48.0,3.0,,,,,,,,,,
153,Germany_Baseload#19#0#10000106,2021-10-05 06:12:01.178000,142.5,2.0,144.46,2.0,142.47,2.0,144.7,2.0,142.0,1.0,145.0,1.0,141.5,2.0,146.75,1.0,140.0,1.0,147.0,1.0,125.0,1.0,148.0,3.0,52.0,1.0,,,48.0,3.0,,,,,,,,,,
154,Germany_Baseload#19#0#10000106,2021-10-05 06:12:02.889000,142.5,2.0,144.46,2.0,142.47,2.0,144.71,2.0,142.0,1.0,145.0,1.0,141.5,2.0,146.75,1.0,140.0,1.0,147.0,1.0,125.0,1.0,148.0,3.0,52.0,1.0,,,48.0,3.0,,,,,,,,,,
155,Germany_Baseload#19#0#10000106,2021-10-05 06:12:04.157000,142.5,2.0,144.46,2.0,142.47,2.0,144.7,2.0,142.0,1.0,145.0,1.0,141.5,2.0,146.75,1.0,140.0,1.0,147.0,1.0,125.0,1.0,148.0,3.0,52.0,1.0,,,48.0,3.0,,,,,,,,,,
156,Germany_Baseload#19#0#10000106,2021-10-05 06:12:05.920000,142.5,2.0,144.46,2.0,142.47,2.0,144.71,2.0,142.0,1.0,145.0,1.0,141.5,2.0,146.75,1.0,140.0,1.0,147.0,1.0,125.0,1.0,148.0,3.0,52.0,1.0,,,48.0,3.0,,,,,,,,,,
157,Germany_Baseload#19#0#10000106,2021-10-05 06:12:07.635000,142.5,2.0,144.46,2.0,142.47,2.0,144.7,2.0,142.0,1.0,145.0,1.0,141.5,2.0,146.75,1.0,140.0,1.0,147.0,1.0,125.0,1.0,148.0,3.0,52.0,1.0,,,48.0,3.0,,,,,,,,,,
158,Germany_Baseload#19#0#10000106,2021-10-05 06:12:09.157000,142.5,2.0,144.46,2.0,142.47,2.0,144.71,2.0,142.0,1.0,145.0,1.0,141.5,2.0,146.75,1.0,140.0,1.0,147.0,1.0,125.0,1.0,148.0,3.0,52.0,1.0,,,48.0,3.0,,,,,,,,,,
159,Germany_Baseload#19#0#10000106,2021-10-05 06:12:10.243000,142.5,2.0,144.46,2.0,142.47,2.0,144.7,2.0,142.0,1.0,145.0,1.0,141.5,2.0,146.75,1.0,140.0,1.0,147.0,1.0,125.0,1.0,148.0,3.0,52.0,1.0,,,48.0,3.0,,,,,,,,,,
160,Germany_Baseload#19#0#10000106,2021-10-05 06:12:20.028000,142.5,2.0,144.46,2.0,142.47,2.0,144.74,2.0,142.0,1.0,145.0,1.0,141.5,2.0,146.75,1.0,140.0,1.0,147.0,1.0,125.0,1.0,148.0,3.0,52.0,1.0,,,48.0,3.0,,,,,,,,,,
161,Germany_Baseload#19#0#10000106,2021-10-05 06:12:20.152000,142.5,2.0,144.46,2.0,142.47,2.0,144.75,2.0,142.0,1.0,145.0,1.0,141.5,2.0,146.75,1.0,140.0,1.0,147.0,1.0,125.0,1.0,148.0,3.0,52.0,1.0,,,48.0,3.0,,,,,,,,,,
162,Germany_Baseload#19#0#10000106,2021-10-05 06:12:21.167000,144.46,3.0,144.75,2.0,142.5,2.0,145.0,1.0,142.47,2.0,146.75,1.0,142.0,1.0,147.0,1.0,141.5,2.0,148.0,3.0,140.0,1.0,,,125.0,1.0,,,52.0,1.0,,,48.0,3.0,,,,,,
163,Germany_Baseload#19#0#10000106,2021-10-05 06:12:21.168000,144.46,2.0,144.75,2.0,142.5,2.0,145.0,1.0,142.47,2.0,146.75,1.0,142.0,1.0,147.0,1.0,141.5,2.0,148.0,3.0,140.0,1.0,,,125.0,1.0,,,52.0,1.0,,,48.0,3.0,,,,,,
164,Germany_Baseload#19#0#10000106,2021-10-05 06:12:21.169000,144.46,1.0,144.75,2.0,142.5,2.0,145.0,1.0,142.47,2.0,146.75,1.0,142.0,1.0,147.0,1.0,141.5,2.0,148.0,3.0,140.0,1.0,,,125.0,1.0,,,52.0,1.0,,,48.0,3.0,,,,,,
165,Germany_Baseload#19#0#10000106,2021-10-05 06:12:21.179000,142.5,2.0,144.75,2.0,142.47,2.0,145.0,1.0,142.0,1.0,146.75,1.0,141.5,2.0,147.0,1.0,140.0,1.0,148.0,3.0,125.0,1.0,,,52.0,1.0,,,48.0,3.0,,,,,,,,,,
166,Germany_Baseload#19#0#10000106,2021-10-05 06:12:21.720000,142.5,2.0,144.75,2.0,142.47,2.0,144.83,2.0,142.0,1.0,145.0,1.0,141.5,2.0,146.75,1.0,140.0,1.0,147.0,1.0,125.0,1.0,148.0,3.0,52.0,1.0,,,48.0,3.0,,,,,,,,,,
167,Germany_Baseload#19#0#10000106,2021-10-05 06:12:21.721000,142.5,2.0,144.83,2.0,142.47,2.0,145.0,1.0,142.0,1.0,146.75,1.0,141.5,2.0,147.0,1.0,140.0,1.0,148.0,3.0,125.0,1.0,,,52.0,1.0,,,48.0,3.0,,,,,,,,,,
168,Germany_Baseload#19#0#10000106,2021-10-05 06:12:29.276000,142.5,2.0,144.83,1.0,142.47,2.0,145.0,1.0,142.0,1.0,146.75,1.0,141.5,2.0,147.0,1.0,140.0,1.0,148.0,3.0,125.0,1.0,,,52.0,1.0,,,48.0,3.0,,,,,,,,,,
169,Germany_Baseload#19#0#10000106,2021-10-05 06:12:31.925000,142.5,2.0,145.0,1.0,142.47,2.0,146.75,1.0,142.0,1.0,147.0,1.0,141.5,2.0,148.0,3.0,140.0,1.0,,,125.0,1.0,,,52.0,1.0,,,48.0,3.0,,,,,,,,,,
170,Germany_Baseload#19#0#10000106,2021-10-05 06:12:32.418000,144.45,1.0,145.0,1.0,142.5,2.0,146.75,1.0,142.47,2.0,147.0,1.0,142.0,1.0,148.0,3.0,141.5,2.0,,,140.0,1.0,,,125.0,1.0,,,52.0,1.0,,,48.0,3.0,,,,,,
171,Germany_Baseload#19#0#10000106,2021-10-05 06:12:34.414000,144.45,1.0,146.75,1.0,142.5,2.0,147.0,1.0,142.47,2.0,148.0,3.0,142.0,1.0,,,141.5,2.0,,,140.0,1.0,,,125.0,1.0,,,52.0,1.0,,,48.0,3.0,,,,,,
172,Germany_Baseload#19#0#10000106,2021-10-05 06:12:47.612000,144.45,1.0,146.75,1.0,142.5,2.0,148.0,3.0,142.47,2.0,,,142.0,1.0,,,141.5,2.0,,,140.0,1.0,,,125.0,1.0,,,52.0,1.0,,,48.0,3.0,,,,,,
173,Germany_Baseload#19#0#10000106,2021-10-05 06:12:47.806000,144.45,1.0,148.0,3.0,142.5,2.0,,,142.47,2.0,,,142.0,1.0,,,141.5,2.0,,,140.0,1.0,,,125.0,1.0,,,52.0,1.0,,,48.0,3.0,,,,,,
174,Germany_Baseload#19#0#10000106,2021-10-05 06:12:58.266000,144.45,1.0,147.0,1.0,142.5,2.0,148.0,3.0,142.47,2.0,,,142.0,1.0,,,141.5,2.0,,,140.0,1.0,,,125.0,1.0,,,52.0,1.0,,,48.0,3.0,,,,,,
175,Germany_Baseload#19#0#10000106,2021-10-05 06:12:58.628000,144.5,1.0,147.0,1.0,144.45,1.0,148.0,3.0,142.5,2.0,,,142.47,2.0,,,142.0,1.0,,,141.5,2.0,,,140.0,1.0,,,125.0,1.0,,,52.0,1.0,,,48.0,3.0,,
176,Germany_Baseload#19#0#10000106,2021-10-05 06:13:22.569000,144.5,1.0,147.0,1.0,142.5,2.0,148.0,3.0,142.47,2.0,,,142.0,1.0,,,141.5,2.0,,,140.0,1.0,,,125.0,1.0,,,52.0,1.0,,,48.0,3.0,,,,,,
177,Germany_Baseload#19#0#10000106,2021-10-05 06:13:25.108000,142.5,2.0,147.0,1.0,142.47,2.0,148.0,3.0,142.0,1.0,,,141.5,2.0,,,140.0,1.0,,,125.0,1.0,,,52.0,1.0,,,48.0,3.0,,,,,,,,,,
178,Germany_Baseload#19#0#10000106,2021-10-05 06:13:40.875000,142.5,2.0,146.0,1.0,142.47,2.0,147.0,1.0,142.0,1.0,148.0,3.0,141.5,2.0,,,140.0,1.0,,,125.0,1.0,,,52.0,1.0,,,48.0,3.0,,,,,,,,,,
179,Germany_Baseload#19#0#10000106,2021-10-05 06:13:40.876000,142.5,2.0,146.0,1.0,142.47,2.0,148.0,3.0,142.0,1.0,,,141.5,2.0,,,140.0,1.0,,,125.0,1.0,,,52.0,1.0,,,48.0,3.0,,,,,,,,,,
180,Germany_Baseload#19#0#10000106,2021-10-05 06:13:43.079000,144.0,2.0,146.0,1.0,142.5,2.0,148.0,3.0,142.47,2.0,,,142.0,1.0,,,141.5,2.0,,,140.0,1.0,,,125.0,1.0,,,52.0,1.0,,,48.0,3.0,,,,,,
181,Germany_Baseload#19#0#10000106,2021-10-05 06:13:43.255000,144.0,2.0,146.0,1.0,143.35,2.0,148.0,3.0,142.5,2.0,,,142.47,2.0,,,142.0,1.0,,,141.5,2.0,,,140.0,1.0,,,125.0,1.0,,,52.0,1.0,,,48.0,3.0,,
182,Germany_Baseload#19#0#10000106,2021-10-05 06:13:48.160000,144.0,2.0,146.0,1.0,143.35,2.0,148.0,3.0,142.5,1.0,,,142.47,2.0,,,142.0,1.0,,,141.5,2.0,,,140.0,1.0,,,125.0,1.0,,,52.0,1.0,,,48.0,3.0,,
183,Germany_Baseload#19#0#10000106,2021-10-05 06:15:25.199000,144.0,2.0,148.0,3.0,143.35,2.0,,,142.5,1.0,,,142.47,2.0,,,142.0,1.0,,,141.5,2.0,,,140.0,1.0,,,125.0,1.0,,,52.0,1.0,,,48.0,3.0,,
184,Germany_Baseload#19#0#10000106,2021-10-05 06:15:40.844000,144.0,2.0,147.0,1.0,143.35,2.0,148.0,3.0,142.5,1.0,,,142.47,2.0,,,142.0,1.0,,,141.5,2.0,,,140.0,1.0,,,125.0,1.0,,,52.0,1.0,,,48.0,3.0,,
185,Germany_Baseload#19#0#10000106,2021-10-05 06:15:52.233000,145.0,1.0,147.0,1.0,144.0,2.0,148.0,3.0,143.35,2.0,,,142.5,1.0,,,142.47,2.0,,,142.0,1.0,,,141.5,2.0,,,140.0,1.0,,,125.0,1.0,,,52.0,1.0,,
186,Germany_Baseload#19#0#10000106,2021-10-05 06:16:12.440000,145.0,1.0,148.0,3.0,144.0,2.0,,,143.35,2.0,,,142.5,1.0,,,142.47,2.0,,,142.0,1.0,,,141.5,2.0,,,140.0,1.0,,,125.0,1.0,,,52.0,1.0,,
187,Germany_Baseload#19#0#10000106,2021-10-05 06:16:27.998000,145.0,1.0,148.0,3.0,144.0,2.0,,,143.35,2.0,,,143.0,1.0,,,142.5,1.0,,,142.47,2.0,,,141.5,2.0,,,140.0,1.0,,,125.0,1.0,,,52.0,1.0,,
188,Germany_Baseload#19#0#10000106,2021-10-05 06:16:34.557000,145.0,1.0,148.0,3.0,144.0,2.0,,,143.75,1.0,,,143.35,2.0,,,143.0,1.0,,,142.5,1.0,,,142.47,2.0,,,141.5,2.0,,,140.0,1.0,,,125.0,1.0,,
189,Germany_Baseload#19#0#10000106,2021-10-05 06:16:34.651000,145.0,1.0,148.0,3.0,144.0,2.0,,,143.75,3.0,,,143.35,2.0,,,143.0,1.0,,,142.5,1.0,,,142.47,2.0,,,141.5,2.0,,,140.0,1.0,,,125.0,1.0,,
190,Germany_Baseload#19#0#10000106,2021-10-05 06:16:34.652000,145.0,1.0,148.0,3.0,144.0,2.0,,,143.75,3.0,,,143.0,1.0,,,142.5,1.0,,,142.47,2.0,,,141.5,2.0,,,140.0,1.0,,,125.0,1.0,,,52.0,1.0,,
191,Germany_Baseload#19#0#10000106,2021-10-05 06:16:36.976000,145.0,1.0,148.0,3.0,144.0,2.0,,,143.75,3.0,,,143.0,1.0,,,142.5,1.0,,,142.47,2.0,,,141.5,2.0,,,140.0,1.0,,,125.0,1.0,,,52.0,1.0,,
192,Germany_Baseload#19#0#10000106,2021-10-05 06:16:39.484000,145.0,1.0,148.0,3.0,144.0,2.0,,,143.75,2.0,,,143.0,1.0,,,142.5,1.0,,,142.47,2.0,,,141.5,2.0,,,140.0,1.0,,,125.0,1.0,,,52.0,1.0,,
193,Germany_Baseload#19#0#10000106,2021-10-05 06:16:39.585000,145.0,1.0,148.0,3.0,144.0,2.0,,,143.75,2.0,,,143.35,2.0,,,143.0,1.0,,,142.5,1.0,,,142.47,2.0,,,141.5,2.0,,,140.0,1.0,,,125.0,1.0,,
194,Germany_Baseload#19#0#10000106,2021-10-05 06:16:39.586000,145.0,1.0,148.0,3.0,144.0,2.0,,,143.35,2.0,,,143.0,1.0,,,142.5,1.0,,,142.47,2.0,,,141.5,2.0,,,140.0,1.0,,,125.0,1.0,,,52.0,1.0,,
195,Germany_Baseload#19#0#10000106,2021-10-05 06:16:49.751000,145.25,1.0,148.0,3.0,145.0,1.0,,,144.0,2.0,,,143.35,2.0,,,143.0,1.0,,,142.5,1.0,,,142.47,2.0,,,141.5,2.0,,,140.0,1.0,,,125.0,1.0,,
196,Germany_Baseload#19#0#10000106,2021-10-05 06:16:54.655000,146.0,1.0,148.0,3.0,145.25,1.0,,,145.0,1.0,,,144.0,2.0,,,143.35,2.0,,,143.0,1.0,,,142.5,1.0,,,142.47,2.0,,,141.5,2.0,,,140.0,1.0,,
197,Germany_Baseload#19#0#10000106,2021-10-05 06:17:05.768000,146.0,2.0,148.0,3.0,145.25,1.0,,,145.0,1.0,,,144.0,2.0,,,143.35,2.0,,,143.0,1.0,,,142.5,1.0,,,142.47,2.0,,,141.5,2.0,,,140.0,1.0,,
198,Germany_Baseload#19#0#10000106,2021-10-05 06:17:08.140000,146.0,2.0,,,145.25,1.0,,,145.0,1.0,,,144.0,2.0,,,143.35,2.0,,,143.0,1.0,,,142.5,1.0,,,142.47,2.0,,,141.5,2.0,,,140.0,1.0,,
199,Germany_Baseload#19#0#10000106,2021-10-05 06:17:17.756000,146.0,2.0,150.0,1.0,145.25,1.0,,,145.0,1.0,,,144.0,2.0,,,143.35,2.0,,,143.0,1.0,,,142.5,1.0,,,142.47,2.0,,,141.5,2.0,,,140.0,1.0,,
200,Germany_Baseload#19#0#10000106,2021-10-05 06:17:17.803000,146.0,2.0,150.0,1.0,145.25,1.0,150.03,1.0,145.0,1.0,,,144.0,2.0,,,143.35,2.0,,,143.0,1.0,,,142.5,1.0,,,142.47,2.0,,,141.5,2.0,,,140.0,1.0,,
201,Germany_Baseload#19#0#10000106,2021-10-05 06:17:17.818000,146.0,2.0,150.0,1.0,145.25,1.0,150.03,1.0,145.0,1.0,150.06,1.0,144.0,2.0,,,143.35,2.0,,,143.0,1.0,,,142.5,1.0,,,142.47,2.0,,,141.5,2.0,,,140.0,1.0,,
202,Germany_Baseload#19#0#10000106,2021-10-05 06:17:23.687000,146.0,2.0,150.0,1.0,145.0,1.0,150.03,1.0,144.0,2.0,150.06,1.0,143.35,2.0,,,143.0,1.0,,,142.5,1.0,,,142.47,2.0,,,141.5,2.0,,,140.0,1.0,,,125.0,1.0,,
203,Germany_Baseload#19#0#10000106,2021-10-05 06:17:32.358000,147.0,1.0,150.0,1.0,146.0,2.0,150.03,1.0,145.0,1.0,150.06,1.0,144.0,2.0,,,143.35,2.0,,,143.0,1.0,,,142.5,1.0,,,142.47,2.0,,,141.5,2.0,,,140.0,1.0,,
204,Germany_Baseload#19#0#10000106,2021-10-05 06:17:32.511000,147.0,1.0,150.0,1.0,146.0,2.0,150.03,1.0,145.0,1.0,150.06,1.0,144.0,2.0,,,143.0,1.0,,,142.5,1.0,,,142.47,2.0,,,141.5,2.0,,,140.0,1.0,,,125.0,1.0,,
205,Germany_Baseload#19#0#10000106,2021-10-05 06:17:34.404000,147.0,1.0,149.0,1.0,146.0,2.0,150.03,1.0,145.0,1.0,150.06,1.0,144.0,2.0,,,143.0,1.0,,,142.5,1.0,,,142.47,2.0,,,141.5,2.0,,,140.0,1.0,,,125.0,1.0,,
206,Germany_Baseload#19#0#10000106,2021-10-05 06:17:34.442000,147.0,1.0,149.0,1.0,146.0,2.0,150.03,1.0,145.0,1.0,,,144.0,2.0,,,143.0,1.0,,,142.5,1.0,,,142.47,2.0,,,141.5,2.0,,,140.0,1.0,,,125.0,1.0,,
207,Germany_Baseload#19#0#10000106,2021-10-05 06:17:34.444000,147.0,1.0,149.0,1.0,146.0,2.0,,,145.0,1.0,,,144.0,2.0,,,143.0,1.0,,,142.5,1.0,,,142.47,2.0,,,141.5,2.0,,,140.0,1.0,,,125.0,1.0,,
208,Germany_Baseload#19#0#10000106,2021-10-05 06:17:34.451000,147.0,1.0,149.0,1.0,146.0,2.0,149.03,1.0,145.0,1.0,,,144.0,2.0,,,143.0,1.0,,,142.5,1.0,,,142.47,2.0,,,141.5,2.0,,,140.0,1.0,,,125.0,1.0,,
209,Germany_Baseload#19#0#10000106,2021-10-05 06:17:34.466000,147.0,1.0,149.0,1.0,146.0,2.0,149.03,1.0,145.0,1.0,149.06,1.0,144.0,2.0,,,143.0,1.0,,,142.5,1.0,,,142.47,2.0,,,141.5,2.0,,,140.0,1.0,,,125.0,1.0,,
210,Germany_Baseload#19#0#10000106,2021-10-05 06:17:39.583000,147.0,1.0,149.0,1.0,146.7,1.0,149.03,1.0,146.0,2.0,149.06,1.0,145.0,1.0,,,144.0,2.0,,,143.0,1.0,,,142.5,1.0,,,142.47,2.0,,,141.5,2.0,,,140.0,1.0,,
211,Germany_Baseload#19#0#10000106,2021-10-05 06:17:39.718000,147.0,1.0,149.0,1.0,146.75,1.0,149.03,1.0,146.0,2.0,149.06,1.0,145.0,1.0,,,144.0,2.0,,,143.0,1.0,,,142.5,1.0,,,142.47,2.0,,,141.5,2.0,,,140.0,1.0,,
212,Germany_Baseload#19#0#10000106,2021-10-05 06:17:58.748000,147.0,1.0,149.0,1.0,146.75,1.0,149.03,1.0,146.0,1.0,149.06,1.0,145.0,1.0,,,144.0,2.0,,,143.0,1.0,,,142.5,1.0,,,142.47,2.0,,,141.5,2.0,,,140.0,1.0,,
213,Germany_Baseload#19#0#10000106,2021-10-05 06:18:15.281000,147.0,1.0,149.0,1.0,146.75,1.0,149.03,1.0,146.0,1.0,149.06,1.0,145.0,1.0,150.0,1.0,144.0,2.0,,,143.0,1.0,,,142.5,1.0,,,142.47,2.0,,,141.5,2.0,,,140.0,1.0,,
214,Germany_Baseload#19#0#10000106,2021-10-05 06:18:22.083000,147.0,1.0,149.0,1.0,146.75,1.0,149.03,1.0,146.0,1.0,149.06,1.0,145.0,1.0,150.0,1.0,144.46,1.0,,,144.0,2.0,,,143.0,1.0,,,142.5,1.0,,,142.47,2.0,,,141.5,2.0,,
215,Germany_Baseload#19#0#10000106,2021-10-05 06:19:00.886000,147.0,1.0,149.0,1.0,146.75,1.0,149.03,1.0,146.0,1.0,149.06,1.0,145.0,1.0,150.0,1.0,144.46,1.0,,,144.0,2.0,,,143.0,1.0,,,142.5,1.0,,,142.47,2.0,,,141.5,2.0,,
216,Germany_Baseload#19#0#10000106,2021-10-05 06:19:01.249000,147.0,1.0,149.0,1.0,146.75,2.0,149.03,1.0,146.0,1.0,149.06,1.0,145.0,1.0,150.0,1.0,144.46,1.0,,,144.0,2.0,,,143.0,1.0,,,142.5,1.0,,,142.47,2.0,,,141.5,2.0,,
217,Germany_Baseload#19#0#10000106,2021-10-05 06:19:01.342000,147.0,1.0,149.0,1.0,146.8,2.0,149.03,1.0,146.75,2.0,149.06,1.0,146.0,1.0,150.0,1.0,145.0,1.0,,,144.46,1.0,,,144.0,2.0,,,143.0,1.0,,,142.5,1.0,,,142.47,2.0,,
218,Germany_Baseload#19#0#10000106,2021-10-05 06:19:01.343000,147.0,1.0,149.0,1.0,146.8,2.0,149.03,1.0,146.0,1.0,149.06,1.0,145.0,1.0,150.0,1.0,144.46,1.0,,,144.0,2.0,,,143.0,1.0,,,142.5,1.0,,,142.47,2.0,,,141.5,2.0,,
219,Germany_Baseload#19#0#10000106,2021-10-05 06:19:23.267000,147.0,1.0,148.0,1.0,146.8,2.0,149.03,1.0,146.0,1.0,149.06,1.0,145.0,1.0,150.0,1.0,144.46,1.0,,,144.0,2.0,,,143.0,1.0,,,142.5,1.0,,,142.47,2.0,,,141.5,2.0,,
220,Germany_Baseload#19#0#10000106,2021-10-05 06:19:23.311000,147.0,1.0,148.0,1.0,146.8,2.0,149.03,1.0,146.0,1.0,150.0,1.0,145.0,1.0,,,144.46,1.0,,,144.0,2.0,,,143.0,1.0,,,142.5,1.0,,,142.47,2.0,,,141.5,2.0,,
221,Germany_Baseload#19#0#10000106,2021-10-05 06:19:23.312000,147.0,1.0,148.0,1.0,146.8,2.0,150.0,1.0,146.0,1.0,,,145.0,1.0,,,144.46,1.0,,,144.0,2.0,,,143.0,1.0,,,142.5,1.0,,,142.47,2.0,,,141.5,2.0,,
222,Germany_Baseload#19#0#10000106,2021-10-05 06:19:23.313000,147.0,1.0,148.0,1.0,146.8,2.0,148.03,1.0,146.0,1.0,150.0,1.0,145.0,1.0,,,144.46,1.0,,,144.0,2.0,,,143.0,1.0,,,142.5,1.0,,,142.47,2.0,,,141.5,2.0,,
223,Germany_Baseload#19#0#10000106,2021-10-05 06:19:23.329000,147.0,1.0,148.0,1.0,146.8,2.0,148.03,1.0,146.0,1.0,148.06,1.0,145.0,1.0,150.0,1.0,144.46,1.0,,,144.0,2.0,,,143.0,1.0,,,142.5,1.0,,,142.47,2.0,,,141.5,2.0,,
224,Germany_Baseload#19#0#10000106,2021-10-05 06:19:55.906000,147.0,1.0,148.0,1.0,146.8,2.0,148.03,1.0,146.0,1.0,148.06,1.0,145.0,1.0,150.0,1.0,144.46,1.0,,,144.0,2.0,,,143.0,1.0,,,142.5,1.0,,,142.47,2.0,,,141.5,2.0,,
225,Germany_Baseload#19#0#10000106,2021-10-05 06:20:12.420000,147.0,1.0,148.0,1.0,146.8,2.0,148.03,1.0,146.0,1.0,148.06,1.0,145.0,1.0,150.0,1.0,144.46,1.0,,,144.0,2.0,,,143.0,1.0,,,142.5,1.0,,,142.47,2.0,,,141.5,2.0,,
226,Germany_Baseload#19#0#10000106,2021-10-05 06:20:12.463000,147.0,1.0,148.0,1.0,146.8,2.0,148.03,1.0,146.0,1.0,150.0,1.0,145.0,1.0,,,144.46,1.0,,,144.0,2.0,,,143.0,1.0,,,142.5,1.0,,,142.47,2.0,,,141.5,2.0,,
227,Germany_Baseload#19#0#10000106,2021-10-05 06:20:12.464000,147.0,1.0,148.0,1.0,146.8,2.0,150.0,1.0,146.0,1.0,,,145.0,1.0,,,144.46,1.0,,,144.0,2.0,,,143.0,1.0,,,142.5,1.0,,,142.47,2.0,,,141.5,2.0,,
228,Germany_Baseload#19#0#10000106,2021-10-05 06:20:22.366000,147.0,1.0,148.0,1.0,146.35,2.0,150.0,1.0,146.0,1.0,,,145.0,1.0,,,144.46,1.0,,,144.0,2.0,,,143.0,1.0,,,142.5,1.0,,,142.47,2.0,,,141.5,2.0,,
229,Germany_Baseload#19#0#10000106,2021-10-05 06:20:43.532000,147.0,1.0,150.0,1.0,146.35,2.0,,,146.0,1.0,,,145.0,1.0,,,144.46,1.0,,,144.0,2.0,,,143.0,1.0,,,142.5,1.0,,,142.47,2.0,,,141.5,2.0,,
230,Germany_Baseload#19#0#10000106,2021-10-05 06:20:43.835000,146.35,2.0,150.0,1.0,146.0,1.0,,,145.0,1.0,,,144.46,1.0,,,144.0,2.0,,,143.0,1.0,,,142.5,1.0,,,142.47,2.0,,,141.5,2.0,,,140.0,1.0,,
231,Germany_Baseload#19#0#10000106,2021-10-05 06:20:44.145000,146.35,1.0,150.0,1.0,146.0,1.0,,,145.0,1.0,,,144.46,1.0,,,144.0,2.0,,,143.0,1.0,,,142.5,1.0,,,142.47,2.0,,,141.5,2.0,,,140.0,1.0,,
232,Germany_Baseload#19#0#10000106,2021-10-05 06:20:44.238000,146.0,1.0,150.0,1.0,145.0,1.0,,,144.46,1.0,,,144.0,2.0,,,143.0,1.0,,,142.5,1.0,,,142.47,2.0,,,141.5,2.0,,,140.0,1.0,,,125.0,1.0,,
233,Germany_Baseload#19#0#10000106,2021-10-05 06:20:51.353000,146.0,1.0,150.0,1.0,144.46,1.0,,,144.0,2.0,,,143.0,1.0,,,142.5,1.0,,,142.47,2.0,,,141.5,2.0,,,140.0,1.0,,,125.0,1.0,,,52.0,1.0,,
234,Germany_Baseload#19#0#10000106,2021-10-05 06:21:47.351000,146.0,1.0,147.0,1.0,144.46,1.0,150.0,1.0,144.0,2.0,,,143.0,1.0,,,142.5,1.0,,,142.47,2.0,,,141.5,2.0,,,140.0,1.0,,,125.0,1.0,,,52.0,1.0,,
235,Germany_Baseload#19#0#10000106,2021-10-05 06:21:51.340000,146.0,1.0,147.0,1.0,144.46,1.0,149.0,2.0,144.0,2.0,150.0,1.0,143.0,1.0,,,142.5,1.0,,,142.47,2.0,,,141.5,2.0,,,140.0,1.0,,,125.0,1.0,,,52.0,1.0,,
236,Germany_Baseload#19#0#10000106,2021-10-05 06:22:03.805000,146.0,1.0,149.0,2.0,144.46,1.0,150.0,1.0,144.0,2.0,,,143.0,1.0,,,142.5,1.0,,,142.47,2.0,,,141.5,2.0,,,140.0,1.0,,,125.0,1.0,,,52.0,1.0,,
237,Germany_Baseload#19#0#10000106,2021-10-05 06:22:03.817000,146.0,1.0,147.0,1.0,144.46,1.0,149.0,2.0,144.0,2.0,150.0,1.0,143.0,1.0,,,142.5,1.0,,,142.47,2.0,,,141.5,2.0,,,140.0,1.0,,,125.0,1.0,,,52.0,1.0,,
238,Germany_Baseload#19#0#10000106,2021-10-05 06:22:14.330000,146.0,1.0,147.0,1.0,144.46,1.0,149.0,1.0,144.0,2.0,,,143.0,1.0,,,142.5,1.0,,,142.47,2.0,,,141.5,2.0,,,140.0,1.0,,,125.0,1.0,,,52.0,1.0,,
239,Germany_Baseload#19#0#10000106,2021-10-05 06:22:21.365000,146.0,2.0,147.0,1.0,144.46,1.0,149.0,1.0,144.0,2.0,,,143.0,1.0,,,142.5,1.0,,,142.47,2.0,,,141.5,2.0,,,140.0,1.0,,,125.0,1.0,,,52.0,1.0,,
240,Germany_Baseload#19#0#10000106,2021-10-05 06:22:41.453000,146.0,2.0,146.5,1.0,144.46,1.0,147.0,1.0,144.0,2.0,149.0,1.0,143.0,1.0,,,142.5,1.0,,,142.47,2.0,,,141.5,2.0,,,140.0,1.0,,,125.0,1.0,,,52.0,1.0,,
241,Germany_Baseload#19#0#10000106,2021-10-05 06:22:41.671000,146.0,1.0,146.5,1.0,144.46,1.0,147.0,1.0,144.0,2.0,149.0,1.0,143.0,1.0,,,142.5,1.0,,,142.47,2.0,,,141.5,2.0,,,140.0,1.0,,,125.0,1.0,,,52.0,1.0,,
242,Germany_Baseload#19#0#10000106,2021-10-05 06:22:51.754000,144.46,1.0,146.5,1.0,144.0,2.0,149.0,1.0,143.0,1.0,,,142.5,1.0,,,142.47,2.0,,,141.5,2.0,,,140.0,1.0,,,125.0,1.0,,,52.0,1.0,,,48.0,3.0,,
243,Germany_Baseload#19#0#10000106,2021-10-05 06:22:51.756000,144.46,1.0,146.0,1.0,144.0,2.0,146.5,1.0,143.0,1.0,149.0,1.0,142.5,1.0,,,142.47,2.0,,,141.5,2.0,,,140.0,1.0,,,125.0,1.0,,,52.0,1.0,,,48.0,3.0,,
244,Germany_Baseload#19#0#10000106,2021-10-05 06:22:52.230000,144.46,1.0,146.0,1.0,144.0,2.0,146.5,1.0,143.0,1.0,148.0,1.0,142.5,1.0,149.0,2.0,142.47,2.0,,,141.5,2.0,,,140.0,1.0,,,125.0,1.0,,,52.0,1.0,,,48.0,3.0,,
245,Germany_Baseload#19#0#10000106,2021-10-05 06:23:05.358000,144.5,1.0,146.0,1.0,144.46,1.0,146.5,1.0,144.0,2.0,148.0,1.0,143.0,1.0,149.0,2.0,142.5,1.0,,,142.47,2.0,,,141.5,2.0,,,140.0,1.0,,,125.0,1.0,,,52.0,1.0,,
246,Germany_Baseload#19#0#10000106,2021-10-05 06:23:08.134000,144.5,1.0,146.0,1.0,144.46,1.0,148.0,1.0,144.0,2.0,149.0,2.0,143.0,1.0,,,142.5,1.0,,,142.47,2.0,,,141.5,2.0,,,140.0,1.0,,,125.0,1.0,,,52.0,1.0,,
247,Germany_Baseload#19#0#10000106,2021-10-05 06:23:09.089000,144.5,2.0,146.0,1.0,144.46,1.0,148.0,1.0,144.0,2.0,149.0,2.0,143.0,1.0,,,142.5,1.0,,,142.47,2.0,,,141.5,2.0,,,140.0,1.0,,,125.0,1.0,,,52.0,1.0,,
248,Germany_Baseload#19#0#10000106,2021-10-05 06:23:12.938000,144.5,2.0,148.0,1.0,144.46,1.0,149.0,2.0,144.0,2.0,,,143.0,1.0,,,142.5,1.0,,,142.47,2.0,,,141.5,2.0,,,140.0,1.0,,,125.0,1.0,,,52.0,1.0,,
249,Germany_Baseload#19#0#10000106,2021-10-05 06:23:12.939000,144.5,2.0,148.0,1.0,144.46,1.0,149.0,2.0,144.0,2.0,150.65,1.0,143.0,1.0,,,142.5,1.0,,,142.47,2.0,,,141.5,2.0,,,140.0,1.0,,,125.0,1.0,,,52.0,1.0,,
250,Germany_Baseload#19#0#10000106,2021-10-05 06:23:13.037000,144.5,2.0,148.0,1.0,144.46,1.0,149.0,2.0,144.0,2.0,,,143.0,1.0,,,142.5,1.0,,,142.47,2.0,,,141.5,2.0,,,140.0,1.0,,,125.0,1.0,,,52.0,1.0,,
251,Germany_Baseload#19#0#10000106,2021-10-05 06:23:18.198000,144.5,3.0,148.0,1.0,144.46,1.0,149.0,2.0,144.0,2.0,,,143.0,1.0,,,142.5,1.0,,,142.47,2.0,,,141.5,2.0,,,140.0,1.0,,,125.0,1.0,,,52.0,1.0,,
252,Germany_Baseload#19#0#10000106,2021-10-05 06:23:18.199000,144.5,3.0,148.0,1.0,144.0,2.0,149.0,2.0,143.0,1.0,,,142.5,1.0,,,142.47,2.0,,,141.5,2.0,,,140.0,1.0,,,125.0,1.0,,,52.0,1.0,,,48.0,3.0,,
253,Germany_Baseload#19#0#10000106,2021-10-05 06:23:19.903000,145.0,1.0,148.0,1.0,144.5,3.0,149.0,2.0,144.0,2.0,,,143.0,1.0,,,142.5,1.0,,,142.47,2.0,,,141.5,2.0,,,140.0,1.0,,,125.0,1.0,,,52.0,1.0,,
254,Germany_Baseload#19#0#10000106,2021-10-05 06:24:07.418000,145.0,1.0,148.0,1.0,144.5,3.0,149.0,2.0,144.0,2.0,,,143.0,1.0,,,142.5,1.0,,,142.47,2.0,,,141.5,2.0,,,140.0,1.0,,,125.0,1.0,,,52.0,1.0,,
255,Germany_Baseload#19#0#10000106,2021-10-05 06:24:08.213000,145.0,1.0,146.0,1.0,144.5,3.0,148.0,1.0,144.0,2.0,149.0,2.0,143.0,1.0,,,142.5,1.0,,,142.47,2.0,,,141.5,2.0,,,140.0,1.0,,,125.0,1.0,,,52.0,1.0,,
256,Germany_Baseload#19#0#10000106,2021-10-05 06:24:40.875000,145.0,1.0,145.75,1.0,144.5,3.0,148.0,1.0,144.0,2.0,149.0,2.0,143.0,1.0,,,142.5,1.0,,,142.47,2.0,,,141.5,2.0,,,140.0,1.0,,,125.0,1.0,,,52.0,1.0,,
257,Germany_Baseload#19#0#10000106,2021-10-05 06:24:45.705000,144.5,3.0,145.75,1.0,144.0,2.0,148.0,1.0,143.0,1.0,149.0,2.0,142.5,1.0,,,142.47,2.0,,,141.5,2.0,,,140.0,1.0,,,125.0,1.0,,,52.0,1.0,,,48.0,3.0,,
258,Germany_Baseload#19#0#10000106,2021-10-05 06:26:12.506000,144.5,3.0,145.75,1.0,144.0,2.0,146.35,1.0,143.0,1.0,148.0,1.0,142.5,1.0,149.0,2.0,142.47,2.0,,,141.5,2.0,,,140.0,1.0,,,125.0,1.0,,,52.0,1.0,,,48.0,3.0,,
259,Germany_Baseload#19#0#10000106,2021-10-05 06:26:14.172000,144.5,3.0,145.75,1.0,144.0,2.0,146.34,1.0,143.0,1.0,148.0,1.0,142.5,1.0,149.0,2.0,142.47,2.0,,,141.5,2.0,,,140.0,1.0,,,125.0,1.0,,,52.0,1.0,,,48.0,3.0,,
260,Germany_Baseload#19#0#10000106,2021-10-05 06:26:18.862000,144.5,3.0,145.75,1.0,144.0,2.0,146.33,1.0,143.0,1.0,148.0,1.0,142.5,1.0,149.0,2.0,142.47,2.0,,,141.5,2.0,,,140.0,1.0,,,125.0,1.0,,,52.0,1.0,,,48.0,3.0,,
261,Germany_Baseload#19#0#10000106,2021-10-05 06:26:23.141000,144.5,3.0,145.75,1.0,144.0,2.0,146.32,1.0,143.0,1.0,148.0,1.0,142.5,1.0,149.0,2.0,142.47,2.0,,,141.5,2.0,,,140.0,1.0,,,125.0,1.0,,,52.0,1.0,,,48.0,3.0,,
262,Germany_Baseload#19#0#10000106,2021-10-05 06:26:28.172000,144.5,3.0,145.75,1.0,144.0,2.0,146.31,1.0,143.0,1.0,148.0,1.0,142.5,1.0,149.0,2.0,142.47,2.0,,,141.5,2.0,,,140.0,1.0,,,125.0,1.0,,,52.0,1.0,,,48.0,3.0,,
263,Germany_Baseload#19#0#10000106,2021-10-05 06:26:28.635000,144.5,3.0,145.75,1.0,144.0,2.0,146.31,1.0,143.0,1.0,146.35,1.0,142.5,1.0,148.0,1.0,142.47,2.0,149.0,2.0,141.5,2.0,,,140.0,1.0,,,125.0,1.0,,,52.0,1.0,,,48.0,3.0,,
264,Germany_Baseload#19#0#10000106,2021-10-05 06:26:28.636000,144.5,3.0,145.75,1.0,144.0,2.0,146.35,1.0,143.0,1.0,148.0,1.0,142.5,1.0,149.0,2.0,142.47,2.0,,,141.5,2.0,,,140.0,1.0,,,125.0,1.0,,,52.0,1.0,,,48.0,3.0,,
265,Germany_Baseload#19#0#10000106,2021-10-05 06:26:30.179000,144.5,3.0,145.75,1.0,144.0,2.0,146.34,1.0,143.0,1.0,148.0,1.0,142.5,1.0,149.0,2.0,142.47,2.0,,,141.5,2.0,,,140.0,1.0,,,125.0,1.0,,,52.0,1.0,,,48.0,3.0,,
266,Germany_Baseload#19#0#10000106,2021-10-05 06:26:30.274000,144.5,3.0,146.0,1.0,144.0,2.0,146.34,1.0,143.0,1.0,148.0,1.0,142.5,1.0,149.0,2.0,142.47,2.0,,,141.5,2.0,,,140.0,1.0,,,125.0,1.0,,,52.0,1.0,,,48.0,3.0,,
267,Germany_Baseload#19#0#10000106,2021-10-05 06:26:30.470000,144.5,3.0,146.0,1.0,144.0,2.0,148.0,1.0,143.0,1.0,149.0,2.0,142.5,1.0,,,142.47,2.0,,,141.5,2.0,,,140.0,1.0,,,125.0,1.0,,,52.0,1.0,,,48.0,3.0,,
268,Germany_Baseload#19#0#10000106,2021-10-05 06:26:32.283000,144.5,3.0,146.0,1.0,144.0,2.0,146.31,1.0,143.0,1.0,148.0,1.0,142.5,1.0,149.0,2.0,142.47,2.0,,,141.5,2.0,,,140.0,1.0,,,125.0,1.0,,,52.0,1.0,,,48.0,3.0,,
269,Germany_Baseload#19#0#10000106,2021-10-05 06:26:36.589000,144.5,3.0,146.0,1.0,144.0,2.0,146.32,1.0,143.0,1.0,148.0,1.0,142.5,1.0,149.0,2.0,142.47,2.0,,,141.5,2.0,,,140.0,1.0,,,125.0,1.0,,,52.0,1.0,,,48.0,3.0,,
270,Germany_Baseload#19#0#10000106,2021-10-05 06:26:39.993000,144.5,3.0,146.0,1.0,144.0,2.0,146.31,1.0,143.0,1.0,146.32,1.0,142.5,1.0,148.0,1.0,142.47,2.0,149.0,2.0,141.5,2.0,,,140.0,1.0,,,125.0,1.0,,,52.0,1.0,,,48.0,3.0,,
271,Germany_Baseload#19#0#10000106,2021-10-05 06:26:39.994000,144.5,3.0,146.0,1.0,144.0,2.0,146.31,1.0,143.0,1.0,148.0,1.0,142.5,1.0,149.0,2.0,142.47,2.0,,,141.5,2.0,,,140.0,1.0,,,125.0,1.0,,,52.0,1.0,,,48.0,3.0,,
272,Germany_Baseload#19#0#10000106,2021-10-05 06:26:44.982000,145.0,1.0,146.0,1.0,144.5,3.0,146.31,1.0,144.0,2.0,148.0,1.0,143.0,1.0,149.0,2.0,142.5,1.0,,,142.47,2.0,,,141.5,2.0,,,140.0,1.0,,,125.0,1.0,,,52.0,1.0,,
273,Germany_Baseload#19#0#10000106,2021-10-05 06:26:45.013000,145.0,1.0,146.0,1.0,144.97,1.0,146.31,1.0,144.5,3.0,148.0,1.0,144.0,2.0,149.0,2.0,143.0,1.0,,,142.5,1.0,,,142.47,2.0,,,141.5,2.0,,,140.0,1.0,,,125.0,1.0,,
274,Germany_Baseload#19#0#10000106,2021-10-05 06:26:45.044000,145.0,1.0,146.0,1.0,144.97,1.0,146.31,1.0,144.94,1.0,148.0,1.0,144.5,3.0,149.0,2.0,144.0,2.0,,,143.0,1.0,,,142.5,1.0,,,141.5,2.0,,,140.0,1.0,,,125.0,1.0,,
275,Germany_Baseload#19#0#10000106,2021-10-05 06:26:45.048000,145.0,1.0,146.0,1.0,144.97,1.0,146.31,1.0,144.5,3.0,148.0,1.0,144.0,2.0,149.0,2.0,143.0,1.0,,,142.5,1.0,,,142.47,1.0,,,141.5,2.0,,,140.0,1.0,,,125.0,1.0,,
276,Germany_Baseload#19#0#10000106,2021-10-05 06:26:45.052000,145.0,1.0,146.0,1.0,144.97,1.0,146.31,1.0,144.5,3.0,148.0,1.0,144.0,2.0,149.0,2.0,143.0,1.0,,,142.5,1.0,,,141.5,2.0,,,140.0,1.0,,,125.0,1.0,,,52.0,1.0,,
277,Germany_Baseload#19#0#10000106,2021-10-05 06:26:47.846000,145.0,1.0,146.31,1.0,144.97,1.0,148.0,1.0,144.94,1.0,149.0,2.0,144.5,3.0,,,144.0,2.0,,,143.0,1.0,,,142.5,1.0,,,141.5,2.0,,,140.0,1.0,,,125.0,1.0,,
278,Germany_Baseload#19#0#10000106,2021-10-05 06:26:48.051000,145.0,1.0,146.36,1.0,144.97,1.0,148.0,1.0,144.94,1.0,149.0,2.0,144.5,3.0,,,144.0,2.0,,,143.0,1.0,,,142.5,1.0,,,141.5,2.0,,,140.0,1.0,,,125.0,1.0,,
279,Germany_Baseload#19#0#10000106,2021-10-05 06:26:48.189000,145.0,1.0,146.37,1.0,144.97,1.0,148.0,1.0,144.94,1.0,149.0,2.0,144.5,3.0,,,144.0,2.0,,,143.0,1.0,,,142.5,1.0,,,141.5,2.0,,,140.0,1.0,,,125.0,1.0,,
280,Germany_Baseload#19#0#10000106,2021-10-05 06:26:51.824000,145.0,1.0,148.0,1.0,144.97,1.0,149.0,2.0,144.94,1.0,,,144.5,3.0,,,144.0,2.0,,,143.0,1.0,,,142.5,1.0,,,141.5,2.0,,,140.0,1.0,,,125.0,1.0,,
281,Germany_Baseload#19#0#10000106,2021-10-05 06:26:51.825000,145.0,1.0,148.0,1.0,144.97,1.0,149.0,2.0,144.94,1.0,149.75,1.0,144.5,3.0,,,144.0,2.0,,,143.0,1.0,,,142.5,1.0,,,141.5,2.0,,,140.0,1.0,,,125.0,1.0,,
282,Germany_Baseload#19#0#10000106,2021-10-05 06:26:51.917000,145.0,1.0,148.0,1.0,144.97,1.0,149.0,2.0,144.94,1.0,,,144.5,3.0,,,144.0,2.0,,,143.0,1.0,,,142.5,1.0,,,141.5,2.0,,,140.0,1.0,,,125.0,1.0,,
283,Germany_Baseload#19#0#10000106,2021-10-05 06:26:58.971000,144.97,1.0,148.0,1.0,144.94,1.0,149.0,2.0,144.5,3.0,,,144.0,2.0,,,143.0,1.0,,,142.5,1.0,,,141.5,2.0,,,140.0,1.0,,,125.0,1.0,,,52.0,1.0,,
284,Germany_Baseload#19#0#10000106,2021-10-05 06:26:58.997000,144.97,1.0,148.0,1.0,144.5,3.0,149.0,2.0,144.0,2.0,,,143.0,1.0,,,142.5,1.0,,,141.5,2.0,,,140.0,1.0,,,125.0,1.0,,,52.0,1.0,,,48.0,3.0,,
285,Germany_Baseload#19#0#10000106,2021-10-05 06:26:58.999000,144.5,3.0,148.0,1.0,144.0,2.0,149.0,2.0,143.0,1.0,,,142.5,1.0,,,141.5,2.0,,,140.0,1.0,,,125.0,1.0,,,52.0,1.0,,,48.0,3.0,,,,,,
286,Germany_Baseload#19#0#10000106,2021-10-05 06:26:59.002000,144.5,3.0,148.0,1.0,144.0,2.0,149.0,2.0,143.0,1.0,,,142.5,1.0,,,142.47,2.0,,,141.5,2.0,,,140.0,1.0,,,125.0,1.0,,,52.0,1.0,,,48.0,3.0,,
287,Germany_Baseload#19#0#10000106,2021-10-05 06:27:28.636000,145.0,1.0,148.0,1.0,144.5,3.0,149.0,2.0,144.0,2.0,,,143.0,1.0,,,142.5,1.0,,,142.47,2.0,,,141.5,2.0,,,140.0,1.0,,,125.0,1.0,,,52.0,1.0,,
288,Germany_Baseload#19#0#10000106,2021-10-05 06:27:37.884000,145.0,1.0,148.0,1.0,144.5,3.0,149.0,1.0,144.0,2.0,,,143.0,1.0,,,142.5,1.0,,,142.47,2.0,,,141.5,2.0,,,140.0,1.0,,,125.0,1.0,,,52.0,1.0,,
289,Germany_Baseload#19#0#10000106,2021-10-05 06:28:05.045000,145.05,1.0,148.0,1.0,145.0,1.0,149.0,1.0,144.5,2.0,,,144.0,2.0,,,143.0,1.0,,,142.5,1.0,,,142.47,2.0,,,141.5,2.0,,,140.0,1.0,,,125.0,1.0,,
290,Germany_Baseload#19#0#10000106,2021-10-05 06:28:18.060000,145.05,1.0,148.0,1.0,145.0,1.0,148.99,1.0,144.5,2.0,149.0,1.0,144.0,2.0,,,143.0,1.0,,,142.5,1.0,,,142.47,2.0,,,141.5,2.0,,,140.0,1.0,,,125.0,1.0,,
291,Germany_Baseload#19#0#10000106,2021-10-05 06:28:18.165000,145.05,1.0,148.0,1.0,145.0,1.0,148.98,1.0,144.5,2.0,148.99,1.0,144.0,2.0,149.0,1.0,143.0,1.0,,,142.5,1.0,,,142.47,2.0,,,141.5,2.0,,,140.0,1.0,,,125.0,1.0,,
292,Germany_Baseload#19#0#10000106,2021-10-05 06:28:18.166000,145.05,1.0,148.0,1.0,145.0,1.0,148.98,1.0,144.5,2.0,149.0,1.0,144.0,2.0,,,143.0,1.0,,,142.5,1.0,,,142.47,2.0,,,141.5,2.0,,,140.0,1.0,,,125.0,1.0,,
293,Germany_Baseload#19#0#10000106,2021-10-05 06:28:18.364000,145.05,1.0,148.0,1.0,145.0,1.0,148.97,1.0,144.5,2.0,148.98,1.0,144.0,2.0,149.0,1.0,143.0,1.0,,,142.5,1.0,,,142.47,2.0,,,141.5,2.0,,,140.0,1.0,,,125.0,1.0,,
294,Germany_Baseload#19#0#10000106,2021-10-05 06:28:18.365000,145.05,1.0,148.0,1.0,145.0,1.0,148.97,1.0,144.5,2.0,149.0,1.0,144.0,2.0,,,143.0,1.0,,,142.5,1.0,,,142.47,2.0,,,141.5,2.0,,,140.0,1.0,,,125.0,1.0,,
295,Germany_Baseload#19#0#10000106,2021-10-05 06:28:18.558000,145.05,1.0,148.0,1.0,145.0,1.0,148.96,1.0,144.5,2.0,148.97,1.0,144.0,2.0,149.0,1.0,143.0,1.0,,,142.5,1.0,,,142.47,2.0,,,141.5,2.0,,,140.0,1.0,,,125.0,1.0,,
296,Germany_Baseload#19#0#10000106,2021-10-05 06:28:18.559000,145.05,1.0,148.0,1.0,145.0,1.0,148.96,1.0,144.5,2.0,149.0,1.0,144.0,2.0,,,143.0,1.0,,,142.5,1.0,,,142.47,2.0,,,141.5,2.0,,,140.0,1.0,,,125.0,1.0,,
297,Germany_Baseload#19#0#10000106,2021-10-05 06:28:18.756000,145.05,1.0,148.0,1.0,145.0,1.0,148.95,1.0,144.5,2.0,149.0,1.0,144.0,2.0,,,143.0,1.0,,,142.5,1.0,,,142.47,2.0,,,141.5,2.0,,,140.0,1.0,,,125.0,1.0,,
298,Germany_Baseload#19#0#10000106,2021-10-05 06:28:18.955000,145.05,1.0,148.0,1.0,145.0,1.0,148.94,1.0,144.5,2.0,149.0,1.0,144.0,2.0,,,143.0,1.0,,,142.5,1.0,,,142.47,2.0,,,141.5,2.0,,,140.0,1.0,,,125.0,1.0,,
299,Germany_Baseload#19#0#10000106,2021-10-05 06:28:19.155000,145.05,1.0,148.0,1.0,145.0,1.0,148.93,1.0,144.5,2.0,149.0,1.0,144.0,2.0,,,143.0,1.0,,,142.5,1.0,,,142.47,2.0,,,141.5,2.0,,,140.0,1.0,,,125.0,1.0,,
300,Germany_Baseload#19#0#10000106,2021-10-05 06:28:19.364000,145.05,1.0,148.0,1.0,145.0,1.0,148.92,1.0,144.5,2.0,149.0,1.0,144.0,2.0,,,143.0,1.0,,,142.5,1.0,,,142.47,2.0,,,141.5,2.0,,,140.0,1.0,,,125.0,1.0,,
301,Germany_Baseload#19#0#10000106,2021-10-05 06:28:19.566000,145.05,1.0,148.0,1.0,145.0,1.0,148.91,1.0,144.5,2.0,149.0,1.0,144.0,2.0,,,143.0,1.0,,,142.5,1.0,,,142.47,2.0,,,141.5,2.0,,,140.0,1.0,,,125.0,1.0,,
302,Germany_Baseload#19#0#10000106,2021-10-05 06:28:19.761000,145.05,1.0,148.0,1.0,145.0,1.0,148.9,1.0,144.5,2.0,148.91,1.0,144.0,2.0,149.0,1.0,143.0,1.0,,,142.5,1.0,,,142.47,2.0,,,141.5,2.0,,,140.0,1.0,,,125.0,1.0,,
303,Germany_Baseload#19#0#10000106,2021-10-05 06:28:19.762000,145.05,1.0,148.0,1.0,145.0,1.0,148.9,1.0,144.5,2.0,149.0,1.0,144.0,2.0,,,143.0,1.0,,,142.5,1.0,,,142.47,2.0,,,141.5,2.0,,,140.0,1.0,,,125.0,1.0,,
304,Germany_Baseload#19#0#10000106,2021-10-05 06:28:19.963000,145.05,1.0,148.0,1.0,145.0,1.0,148.89,1.0,144.5,2.0,149.0,1.0,144.0,2.0,,,143.0,1.0,,,142.5,1.0,,,142.47,2.0,,,141.5,2.0,,,140.0,1.0,,,125.0,1.0,,
305,Germany_Baseload#19#0#10000106,2021-10-05 06:28:20.165000,145.05,1.0,148.0,1.0,145.0,1.0,148.88,1.0,144.5,2.0,148.89,1.0,144.0,2.0,149.0,1.0,143.0,1.0,,,142.5,1.0,,,142.47,2.0,,,141.5,2.0,,,140.0,1.0,,,125.0,1.0,,
306,Germany_Baseload#19#0#10000106,2021-10-05 06:28:20.166000,145.05,1.0,148.0,1.0,145.0,1.0,148.88,1.0,144.5,2.0,149.0,1.0,144.0,2.0,,,143.0,1.0,,,142.5,1.0,,,142.47,2.0,,,141.5,2.0,,,140.0,1.0,,,125.0,1.0,,
307,Germany_Baseload#19#0#10000106,2021-10-05 06:28:20.355000,145.05,1.0,148.0,1.0,145.0,1.0,148.87,1.0,144.5,2.0,149.0,1.0,144.0,2.0,,,143.0,1.0,,,142.5,1.0,,,142.47,2.0,,,141.5,2.0,,,140.0,1.0,,,125.0,1.0,,
308,Germany_Baseload#19#0#10000106,2021-10-05 06:28:20.555000,145.05,1.0,148.0,1.0,145.0,1.0,148.86,1.0,144.5,2.0,148.87,1.0,144.0,2.0,149.0,1.0,143.0,1.0,,,142.5,1.0,,,142.47,2.0,,,141.5,2.0,,,140.0,1.0,,,125.0,1.0,,
309,Germany_Baseload#19#0#10000106,2021-10-05 06:28:20.556000,145.05,1.0,148.0,1.0,145.0,1.0,148.86,1.0,144.5,2.0,149.0,1.0,144.0,2.0,,,143.0,1.0,,,142.5,1.0,,,142.47,2.0,,,141.5,2.0,,,140.0,1.0,,,125.0,1.0,,
310,Germany_Baseload#19#0#10000106,2021-10-05 06:28:20.754000,145.05,1.0,148.0,1.0,145.0,1.0,148.85,1.0,144.5,2.0,148.86,1.0,144.0,2.0,149.0,1.0,143.0,1.0,,,142.5,1.0,,,142.47,2.0,,,141.5,2.0,,,140.0,1.0,,,125.0,1.0,,
311,Germany_Baseload#19#0#10000106,2021-10-05 06:28:20.755000,145.05,1.0,148.0,1.0,145.0,1.0,148.85,1.0,144.5,2.0,149.0,1.0,144.0,2.0,,,143.0,1.0,,,142.5,1.0,,,142.47,2.0,,,141.5,2.0,,,140.0,1.0,,,125.0,1.0,,
312,Germany_Baseload#19#0#10000106,2021-10-05 06:28:20.955000,145.05,1.0,148.0,1.0,145.0,1.0,148.84,1.0,144.5,2.0,149.0,1.0,144.0,2.0,,,143.0,1.0,,,142.5,1.0,,,142.47,2.0,,,141.5,2.0,,,140.0,1.0,,,125.0,1.0,,
313,Germany_Baseload#19#0#10000106,2021-10-05 06:28:21.164000,145.05,1.0,148.0,1.0,145.0,1.0,148.83,1.0,144.5,2.0,149.0,1.0,144.0,2.0,,,143.0,1.0,,,142.5,1.0,,,142.47,2.0,,,141.5,2.0,,,140.0,1.0,,,125.0,1.0,,
314,Germany_Baseload#19#0#10000106,2021-10-05 06:28:21.364000,145.05,1.0,148.0,1.0,145.0,1.0,148.82,1.0,144.5,2.0,149.0,1.0,144.0,2.0,,,143.0,1.0,,,142.5,1.0,,,142.47,2.0,,,141.5,2.0,,,140.0,1.0,,,125.0,1.0,,
315,Germany_Baseload#19#0#10000106,2021-10-05 06:28:21.555000,145.05,1.0,148.0,1.0,145.0,1.0,148.81,1.0,144.5,2.0,149.0,1.0,144.0,2.0,,,143.0,1.0,,,142.5,1.0,,,142.47,2.0,,,141.5,2.0,,,140.0,1.0,,,125.0,1.0,,
316,Germany_Baseload#19#0#10000106,2021-10-05 06:28:21.761000,145.05,1.0,148.0,1.0,145.0,1.0,148.8,1.0,144.5,2.0,149.0,1.0,144.0,2.0,,,143.0,1.0,,,142.5,1.0,,,142.47,2.0,,,141.5,2.0,,,140.0,1.0,,,125.0,1.0,,
317,Germany_Baseload#19#0#10000106,2021-10-05 06:28:21.954000,145.05,1.0,148.0,1.0,145.0,1.0,148.79,1.0,144.5,2.0,148.8,1.0,144.0,2.0,149.0,1.0,143.0,1.0,,,142.5,1.0,,,142.47,2.0,,,141.5,2.0,,,140.0,1.0,,,125.0,1.0,,
318,Germany_Baseload#19#0#10000106,2021-10-05 06:28:21.955000,145.05,1.0,148.0,1.0,145.0,1.0,148.79,1.0,144.5,2.0,149.0,1.0,144.0,2.0,,,143.0,1.0,,,142.5,1.0,,,142.47,2.0,,,141.5,2.0,,,140.0,1.0,,,125.0,1.0,,
319,Germany_Baseload#19#0#10000106,2021-10-05 06:28:22.154000,145.05,1.0,148.0,1.0,145.0,1.0,148.78,1.0,144.5,2.0,149.0,1.0,144.0,2.0,,,143.0,1.0,,,142.5,1.0,,,142.47,2.0,,,141.5,2.0,,,140.0,1.0,,,125.0,1.0,,
320,Germany_Baseload#19#0#10000106,2021-10-05 06:28:22.357000,145.05,1.0,148.0,1.0,145.0,1.0,148.77,1.0,144.5,2.0,149.0,1.0,144.0,2.0,,,143.0,1.0,,,142.5,1.0,,,142.47,2.0,,,141.5,2.0,,,140.0,1.0,,,125.0,1.0,,
321,Germany_Baseload#19#0#10000106,2021-10-05 06:28:22.554000,145.05,1.0,148.0,1.0,145.0,1.0,148.76,1.0,144.5,2.0,148.77,1.0,144.0,2.0,149.0,1.0,143.0,1.0,,,142.5,1.0,,,142.47,2.0,,,141.5,2.0,,,140.0,1.0,,,125.0,1.0,,
322,Germany_Baseload#19#0#10000106,2021-10-05 06:28:22.555000,145.05,1.0,148.0,1.0,145.0,1.0,148.76,1.0,144.5,2.0,149.0,1.0,144.0,2.0,,,143.0,1.0,,,142.5,1.0,,,142.47,2.0,,,141.5,2.0,,,140.0,1.0,,,125.0,1.0,,
323,Germany_Baseload#19#0#10000106,2021-10-05 06:28:22.755000,145.05,1.0,148.0,1.0,145.0,1.0,148.75,1.0,144.5,2.0,149.0,1.0,144.0,2.0,,,143.0,1.0,,,142.5,1.0,,,142.47,2.0,,,141.5,2.0,,,140.0,1.0,,,125.0,1.0,,
324,Germany_Baseload#19#0#10000106,2021-10-05 06:28:22.962000,145.05,1.0,148.0,1.0,145.0,1.0,148.74,1.0,144.5,2.0,148.75,1.0,144.0,2.0,149.0,1.0,143.0,1.0,,,142.5,1.0,,,142.47,2.0,,,141.5,2.0,,,140.0,1.0,,,125.0,1.0,,
325,Germany_Baseload#19#0#10000106,2021-10-05 06:28:22.963000,145.05,1.0,148.0,1.0,145.0,1.0,148.74,1.0,144.5,2.0,149.0,1.0,144.0,2.0,,,143.0,1.0,,,142.5,1.0,,,142.47,2.0,,,141.5,2.0,,,140.0,1.0,,,125.0,1.0,,
326,Germany_Baseload#19#0#10000106,2021-10-05 06:28:23.162000,145.05,1.0,148.0,1.0,145.0,1.0,148.73,1.0,144.5,2.0,148.74,1.0,144.0,2.0,149.0,1.0,143.0,1.0,,,142.5,1.0,,,142.47,2.0,,,141.5,2.0,,,140.0,1.0,,,125.0,1.0,,
327,Germany_Baseload#19#0#10000106,2021-10-05 06:28:23.163000,145.05,1.0,148.0,1.0,145.0,1.0,148.73,1.0,144.5,2.0,149.0,1.0,144.0,2.0,,,143.0,1.0,,,142.5,1.0,,,142.47,2.0,,,141.5,2.0,,,140.0,1.0,,,125.0,1.0,,
328,Germany_Baseload#19#0#10000106,2021-10-05 06:28:23.359000,145.05,1.0,148.0,1.0,145.0,1.0,148.72,1.0,144.5,2.0,148.73,1.0,144.0,2.0,149.0,1.0,143.0,1.0,,,142.5,1.0,,,142.47,2.0,,,141.5,2.0,,,140.0,1.0,,,125.0,1.0,,
329,Germany_Baseload#19#0#10000106,2021-10-05 06:28:23.360000,145.05,1.0,148.0,1.0,145.0,1.0,148.72,1.0,144.5,2.0,149.0,1.0,144.0,2.0,,,143.0,1.0,,,142.5,1.0,,,142.47,2.0,,,141.5,2.0,,,140.0,1.0,,,125.0,1.0,,
330,Germany_Baseload#19#0#10000106,2021-10-05 06:28:23.393000,145.05,1.0,147.5,1.0,145.0,1.0,148.0,1.0,144.5,2.0,148.72,1.0,144.0,2.0,149.0,2.0,143.0,1.0,,,142.5,1.0,,,142.47,2.0,,,141.5,2.0,,,140.0,1.0,,,125.0,1.0,,
331,Germany_Baseload#19#0#10000106,2021-10-05 06:28:23.558000,145.05,1.0,147.49,1.0,145.0,1.0,147.5,1.0,144.5,2.0,148.0,1.0,144.0,2.0,149.0,2.0,143.0,1.0,,,142.5,1.0,,,142.47,2.0,,,141.5,2.0,,,140.0,1.0,,,125.0,1.0,,
332,Germany_Baseload#19#0#10000106,2021-10-05 06:28:23.759000,145.05,1.0,147.48,1.0,145.0,1.0,147.49,1.0,144.5,2.0,147.5,1.0,144.0,2.0,148.0,1.0,143.0,1.0,149.0,2.0,142.5,1.0,,,142.47,2.0,,,141.5,2.0,,,140.0,1.0,,,125.0,1.0,,
333,Germany_Baseload#19#0#10000106,2021-10-05 06:28:23.760000,145.05,1.0,147.48,1.0,145.0,1.0,147.5,1.0,144.5,2.0,148.0,1.0,144.0,2.0,149.0,2.0,143.0,1.0,,,142.5,1.0,,,142.47,2.0,,,141.5,2.0,,,140.0,1.0,,,125.0,1.0,,
334,Germany_Baseload#19#0#10000106,2021-10-05 06:28:23.966000,145.05,1.0,147.47,1.0,145.0,1.0,147.5,1.0,144.5,2.0,148.0,1.0,144.0,2.0,149.0,2.0,143.0,1.0,,,142.5,1.0,,,142.47,2.0,,,141.5,2.0,,,140.0,1.0,,,125.0,1.0,,
335,Germany_Baseload#19#0#10000106,2021-10-05 06:28:24.166000,145.05,1.0,147.46,1.0,145.0,1.0,147.5,1.0,144.5,2.0,148.0,1.0,144.0,2.0,149.0,2.0,143.0,1.0,,,142.5,1.0,,,142.47,2.0,,,141.5,2.0,,,140.0,1.0,,,125.0,1.0,,
336,Germany_Baseload#19#0#10000106,2021-10-05 06:28:24.363000,145.05,1.0,147.45,1.0,145.0,1.0,147.5,1.0,144.5,2.0,148.0,1.0,144.0,2.0,149.0,2.0,143.0,1.0,,,142.5,1.0,,,142.47,2.0,,,141.5,2.0,,,140.0,1.0,,,125.0,1.0,,
337,Germany_Baseload#19#0#10000106,2021-10-05 06:28:24.571000,145.05,1.0,147.44,1.0,145.0,1.0,147.5,1.0,144.5,2.0,148.0,1.0,144.0,2.0,149.0,2.0,143.0,1.0,,,142.5,1.0,,,142.47,2.0,,,141.5,2.0,,,140.0,1.0,,,125.0,1.0,,
338,Germany_Baseload#19#0#10000106,2021-10-05 06:28:24.760000,145.05,1.0,147.43,1.0,145.0,1.0,147.5,1.0,144.5,2.0,148.0,1.0,144.0,2.0,149.0,2.0,143.0,1.0,,,142.5,1.0,,,142.47,2.0,,,141.5,2.0,,,140.0,1.0,,,125.0,1.0,,
339,Germany_Baseload#19#0#10000106,2021-10-05 06:28:24.955000,145.05,1.0,147.42,1.0,145.0,1.0,147.43,1.0,144.5,2.0,147.5,1.0,144.0,2.0,148.0,1.0,143.0,1.0,149.0,2.0,142.5,1.0,,,142.47,2.0,,,141.5,2.0,,,140.0,1.0,,,125.0,1.0,,
340,Germany_Baseload#19#0#10000106,2021-10-05 06:28:24.956000,145.05,1.0,147.42,1.0,145.0,1.0,147.5,1.0,144.5,2.0,148.0,1.0,144.0,2.0,149.0,2.0,143.0,1.0,,,142.5,1.0,,,142.47,2.0,,,141.5,2.0,,,140.0,1.0,,,125.0,1.0,,
341,Germany_Baseload#19#0#10000106,2021-10-05 06:28:25.156000,145.05,1.0,147.41,1.0,145.0,1.0,147.5,1.0,144.5,2.0,148.0,1.0,144.0,2.0,149.0,2.0,143.0,1.0,,,142.5,1.0,,,142.47,2.0,,,141.5,2.0,,,140.0,1.0,,,125.0,1.0,,
342,Germany_Baseload#19#0#10000106,2021-10-05 06:28:25.362000,145.05,1.0,147.4,1.0,145.0,1.0,147.5,1.0,144.5,2.0,148.0,1.0,144.0,2.0,149.0,2.0,143.0,1.0,,,142.5,1.0,,,142.47,2.0,,,141.5,2.0,,,140.0,1.0,,,125.0,1.0,,
343,Germany_Baseload#19#0#10000106,2021-10-05 06:28:25.556000,145.05,1.0,147.39,1.0,145.0,1.0,147.5,1.0,144.5,2.0,148.0,1.0,144.0,2.0,149.0,2.0,143.0,1.0,,,142.5,1.0,,,142.47,2.0,,,141.5,2.0,,,140.0,1.0,,,125.0,1.0,,
344,Germany_Baseload#19#0#10000106,2021-10-05 06:28:25.758000,145.05,1.0,147.38,1.0,145.0,1.0,147.5,1.0,144.5,2.0,148.0,1.0,144.0,2.0,149.0,2.0,143.0,1.0,,,142.5,1.0,,,142.47,2.0,,,141.5,2.0,,,140.0,1.0,,,125.0,1.0,,
345,Germany_Baseload#19#0#10000106,2021-10-05 06:28:25.958000,145.05,1.0,147.37,1.0,145.0,1.0,147.5,1.0,144.5,2.0,148.0,1.0,144.0,2.0,149.0,2.0,143.0,1.0,,,142.5,1.0,,,142.47,2.0,,,141.5,2.0,,,140.0,1.0,,,125.0,1.0,,
346,Germany_Baseload#19#0#10000106,2021-10-05 06:28:26.163000,145.05,1.0,147.36,1.0,145.0,1.0,147.5,1.0,144.5,2.0,148.0,1.0,144.0,2.0,149.0,2.0,143.0,1.0,,,142.5,1.0,,,142.47,2.0,,,141.5,2.0,,,140.0,1.0,,,125.0,1.0,,
347,Germany_Baseload#19#0#10000106,2021-10-05 06:28:26.355000,145.05,1.0,147.35,1.0,145.0,1.0,147.5,1.0,144.5,2.0,148.0,1.0,144.0,2.0,149.0,2.0,143.0,1.0,,,142.5,1.0,,,142.47,2.0,,,141.5,2.0,,,140.0,1.0,,,125.0,1.0,,
348,Germany_Baseload#19#0#10000106,2021-10-05 06:28:26.561000,145.05,1.0,147.34,1.0,145.0,1.0,147.5,1.0,144.5,2.0,148.0,1.0,144.0,2.0,149.0,2.0,143.0,1.0,,,142.5,1.0,,,142.47,2.0,,,141.5,2.0,,,140.0,1.0,,,125.0,1.0,,
349,Germany_Baseload#19#0#10000106,2021-10-05 06:28:26.762000,145.05,1.0,147.33,1.0,145.0,1.0,147.34,1.0,144.5,2.0,147.5,1.0,144.0,2.0,148.0,1.0,143.0,1.0,149.0,2.0,142.5,1.0,,,142.47,2.0,,,141.5,2.0,,,140.0,1.0,,,125.0,1.0,,
350,Germany_Baseload#19#0#10000106,2021-10-05 06:28:26.763000,145.05,1.0,147.33,1.0,145.0,1.0,147.5,1.0,144.5,2.0,148.0,1.0,144.0,2.0,149.0,2.0,143.0,1.0,,,142.5,1.0,,,142.47,2.0,,,141.5,2.0,,,140.0,1.0,,,125.0,1.0,,
351,Germany_Baseload#19#0#10000106,2021-10-05 06:28:26.958000,145.05,1.0,147.32,1.0,145.0,1.0,147.5,1.0,144.5,2.0,148.0,1.0,144.0,2.0,149.0,2.0,143.0,1.0,,,142.5,1.0,,,142.47,2.0,,,141.5,2.0,,,140.0,1.0,,,125.0,1.0,,
352,Germany_Baseload#19#0#10000106,2021-10-05 06:28:27.162000,145.05,1.0,147.31,1.0,145.0,1.0,147.32,1.0,144.5,2.0,147.5,1.0,144.0,2.0,148.0,1.0,143.0,1.0,149.0,2.0,142.5,1.0,,,142.47,2.0,,,141.5,2.0,,,140.0,1.0,,,125.0,1.0,,
353,Germany_Baseload#19#0#10000106,2021-10-05 06:28:27.163000,145.05,1.0,147.31,1.0,145.0,1.0,147.5,1.0,144.5,2.0,148.0,1.0,144.0,2.0,149.0,2.0,143.0,1.0,,,142.5,1.0,,,142.47,2.0,,,141.5,2.0,,,140.0,1.0,,,125.0,1.0,,
354,Germany_Baseload#19#0#10000106,2021-10-05 06:28:27.364000,145.05,1.0,147.3,1.0,145.0,1.0,147.5,1.0,144.5,2.0,148.0,1.0,144.0,2.0,149.0,2.0,143.0,1.0,,,142.5,1.0,,,142.47,2.0,,,141.5,2.0,,,140.0,1.0,,,125.0,1.0,,
355,Germany_Baseload#19#0#10000106,2021-10-05 06:28:27.564000,145.05,1.0,147.29,1.0,145.0,1.0,147.5,1.0,144.5,2.0,148.0,1.0,144.0,2.0,149.0,2.0,143.0,1.0,,,142.5,1.0,,,142.47,2.0,,,141.5,2.0,,,140.0,1.0,,,125.0,1.0,,
356,Germany_Baseload#19#0#10000106,2021-10-05 06:28:27.757000,145.05,1.0,147.28,1.0,145.0,1.0,147.5,1.0,144.5,2.0,148.0,1.0,144.0,2.0,149.0,2.0,143.0,1.0,,,142.5,1.0,,,142.47,2.0,,,141.5,2.0,,,140.0,1.0,,,125.0,1.0,,
357,Germany_Baseload#19#0#10000106,2021-10-05 06:28:27.957000,145.05,1.0,147.27,1.0,145.0,1.0,147.28,1.0,144.5,2.0,147.5,1.0,144.0,2.0,148.0,1.0,143.0,1.0,149.0,2.0,142.5,1.0,,,142.47,2.0,,,141.5,2.0,,,140.0,1.0,,,125.0,1.0,,
358,Germany_Baseload#19#0#10000106,2021-10-05 06:28:27.958000,145.05,1.0,147.27,1.0,145.0,1.0,147.5,1.0,144.5,2.0,148.0,1.0,144.0,2.0,149.0,2.0,143.0,1.0,,,142.5,1.0,,,142.47,2.0,,,141.5,2.0,,,140.0,1.0,,,125.0,1.0,,
359,Germany_Baseload#19#0#10000106,2021-10-05 06:28:28.163000,145.05,1.0,147.26,1.0,145.0,1.0,147.27,1.0,144.5,2.0,147.5,1.0,144.0,2.0,148.0,1.0,143.0,1.0,149.0,2.0,142.5,1.0,,,142.47,2.0,,,141.5,2.0,,,140.0,1.0,,,125.0,1.0,,
360,Germany_Baseload#19#0#10000106,2021-10-05 06:28:28.164000,145.05,1.0,147.26,1.0,145.0,1.0,147.5,1.0,144.5,2.0,148.0,1.0,144.0,2.0,149.0,2.0,143.0,1.0,,,142.5,1.0,,,142.47,2.0,,,141.5,2.0,,,140.0,1.0,,,125.0,1.0,,
361,Germany_Baseload#19#0#10000106,2021-10-05 06:28:28.366000,145.05,1.0,147.25,1.0,145.0,1.0,147.26,1.0,144.5,2.0,147.5,1.0,144.0,2.0,148.0,1.0,143.0,1.0,149.0,2.0,142.5,1.0,,,142.47,2.0,,,141.5,2.0,,,140.0,1.0,,,125.0,1.0,,
362,Germany_Baseload#19#0#10000106,2021-10-05 06:28:28.367000,145.05,1.0,147.25,1.0,145.0,1.0,147.5,1.0,144.5,2.0,148.0,1.0,144.0,2.0,149.0,2.0,143.0,1.0,,,142.5,1.0,,,142.47,2.0,,,141.5,2.0,,,140.0,1.0,,,125.0,1.0,,
363,Germany_Baseload#19#0#10000106,2021-10-05 06:28:28.562000,145.05,1.0,147.24,1.0,145.0,1.0,147.5,1.0,144.5,2.0,148.0,1.0,144.0,2.0,149.0,2.0,143.0,1.0,,,142.5,1.0,,,142.47,2.0,,,141.5,2.0,,,140.0,1.0,,,125.0,1.0,,
364,Germany_Baseload#19#0#10000106,2021-10-05 06:28:28.767000,145.05,1.0,147.23,1.0,145.0,1.0,147.5,1.0,144.5,2.0,148.0,1.0,144.0,2.0,149.0,2.0,143.0,1.0,,,142.5,1.0,,,142.47,2.0,,,141.5,2.0,,,140.0,1.0,,,125.0,1.0,,
365,Germany_Baseload#19#0#10000106,2021-10-05 06:28:28.964000,145.05,1.0,147.22,1.0,145.0,1.0,147.5,1.0,144.5,2.0,148.0,1.0,144.0,2.0,149.0,2.0,143.0,1.0,,,142.5,1.0,,,142.47,2.0,,,141.5,2.0,,,140.0,1.0,,,125.0,1.0,,
366,Germany_Baseload#19#0#10000106,2021-10-05 06:28:29.162000,145.05,1.0,147.21,1.0,145.0,1.0,147.5,1.0,144.5,2.0,148.0,1.0,144.0,2.0,149.0,2.0,143.0,1.0,,,142.5,1.0,,,142.47,2.0,,,141.5,2.0,,,140.0,1.0,,,125.0,1.0,,
367,Germany_Baseload#19#0#10000106,2021-10-05 06:28:29.364000,145.05,1.0,147.2,1.0,145.0,1.0,147.5,1.0,144.5,2.0,148.0,1.0,144.0,2.0,149.0,2.0,143.0,1.0,,,142.5,1.0,,,142.47,2.0,,,141.5,2.0,,,140.0,1.0,,,125.0,1.0,,
368,Germany_Baseload#19#0#10000106,2021-10-05 06:28:29.564000,145.05,1.0,147.19,1.0,145.0,1.0,147.5,1.0,144.5,2.0,148.0,1.0,144.0,2.0,149.0,2.0,143.0,1.0,,,142.5,1.0,,,142.47,2.0,,,141.5,2.0,,,140.0,1.0,,,125.0,1.0,,
369,Germany_Baseload#19#0#10000106,2021-10-05 06:28:29.754000,145.05,1.0,147.18,1.0,145.0,1.0,147.19,1.0,144.5,2.0,147.5,1.0,144.0,2.0,148.0,1.0,143.0,1.0,149.0,2.0,142.5,1.0,,,142.47,2.0,,,141.5,2.0,,,140.0,1.0,,,125.0,1.0,,
370,Germany_Baseload#19#0#10000106,2021-10-05 06:28:29.755000,145.05,1.0,147.18,1.0,145.0,1.0,147.5,1.0,144.5,2.0,148.0,1.0,144.0,2.0,149.0,2.0,143.0,1.0,,,142.5,1.0,,,142.47,2.0,,,141.5,2.0,,,140.0,1.0,,,125.0,1.0,,
371,Germany_Baseload#19#0#10000106,2021-10-05 06:28:29.959000,145.05,1.0,147.17,1.0,145.0,1.0,147.5,1.0,144.5,2.0,148.0,1.0,144.0,2.0,149.0,2.0,143.0,1.0,,,142.5,1.0,,,142.47,2.0,,,141.5,2.0,,,140.0,1.0,,,125.0,1.0,,
372,Germany_Baseload#19#0#10000106,2021-10-05 06:28:30.157000,145.05,1.0,147.16,1.0,145.0,1.0,147.5,1.0,144.5,2.0,148.0,1.0,144.0,2.0,149.0,2.0,143.0,1.0,,,142.5,1.0,,,142.47,2.0,,,141.5,2.0,,,140.0,1.0,,,125.0,1.0,,
373,Germany_Baseload#19#0#10000106,2021-10-05 06:28:30.361000,145.05,1.0,147.15,1.0,145.0,1.0,147.5,1.0,144.5,2.0,148.0,1.0,144.0,2.0,149.0,2.0,143.0,1.0,,,142.5,1.0,,,142.47,2.0,,,141.5,2.0,,,140.0,1.0,,,125.0,1.0,,
374,Germany_Baseload#19#0#10000106,2021-10-05 06:28:30.557000,145.05,1.0,147.14,1.0,145.0,1.0,147.5,1.0,144.5,2.0,148.0,1.0,144.0,2.0,149.0,2.0,143.0,1.0,,,142.5,1.0,,,142.47,2.0,,,141.5,2.0,,,140.0,1.0,,,125.0,1.0,,
375,Germany_Baseload#19#0#10000106,2021-10-05 06:28:30.758000,145.05,1.0,147.13,1.0,145.0,1.0,147.5,1.0,144.5,2.0,148.0,1.0,144.0,2.0,149.0,2.0,143.0,1.0,,,142.5,1.0,,,142.47,2.0,,,141.5,2.0,,,140.0,1.0,,,125.0,1.0,,
376,Germany_Baseload#19#0#10000106,2021-10-05 06:28:30.961000,145.05,1.0,147.12,1.0,145.0,1.0,147.13,1.0,144.5,2.0,147.5,1.0,144.0,2.0,148.0,1.0,143.0,1.0,149.0,2.0,142.5,1.0,,,142.47,2.0,,,141.5,2.0,,,140.0,1.0,,,125.0,1.0,,
377,Germany_Baseload#19#0#10000106,2021-10-05 06:28:30.962000,145.05,1.0,147.12,1.0,145.0,1.0,147.5,1.0,144.5,2.0,148.0,1.0,144.0,2.0,149.0,2.0,143.0,1.0,,,142.5,1.0,,,142.47,2.0,,,141.5,2.0,,,140.0,1.0,,,125.0,1.0,,
378,Germany_Baseload#19#0#10000106,2021-10-05 06:28:31.164000,145.05,1.0,147.11,1.0,145.0,1.0,147.5,1.0,144.5,2.0,148.0,1.0,144.0,2.0,149.0,2.0,143.0,1.0,,,142.5,1.0,,,142.47,2.0,,,141.5,2.0,,,140.0,1.0,,,125.0,1.0,,
379,Germany_Baseload#19#0#10000106,2021-10-05 06:28:31.359000,145.05,1.0,147.1,1.0,145.0,1.0,147.11,1.0,144.5,2.0,147.5,1.0,144.0,2.0,148.0,1.0,143.0,1.0,149.0,2.0,142.5,1.0,,,142.47,2.0,,,141.5,2.0,,,140.0,1.0,,,125.0,1.0,,
380,Germany_Baseload#19#0#10000106,2021-10-05 06:28:31.360000,145.05,1.0,147.1,1.0,145.0,1.0,147.5,1.0,144.5,2.0,148.0,1.0,144.0,2.0,149.0,2.0,143.0,1.0,,,142.5,1.0,,,142.47,2.0,,,141.5,2.0,,,140.0,1.0,,,125.0,1.0,,
381,Germany_Baseload#19#0#10000106,2021-10-05 06:28:31.556000,145.05,1.0,147.09,1.0,145.0,1.0,147.5,1.0,144.5,2.0,148.0,1.0,144.0,2.0,149.0,2.0,143.0,1.0,,,142.5,1.0,,,142.47,2.0,,,141.5,2.0,,,140.0,1.0,,,125.0,1.0,,
382,Germany_Baseload#19#0#10000106,2021-10-05 06:28:31.756000,145.05,1.0,147.08,1.0,145.0,1.0,147.5,1.0,144.5,2.0,148.0,1.0,144.0,2.0,149.0,2.0,143.0,1.0,,,142.5,1.0,,,142.47,2.0,,,141.5,2.0,,,140.0,1.0,,,125.0,1.0,,
383,Germany_Baseload#19#0#10000106,2021-10-05 06:28:31.955000,145.05,1.0,147.07,1.0,145.0,1.0,147.5,1.0,144.5,2.0,148.0,1.0,144.0,2.0,149.0,2.0,143.0,1.0,,,142.5,1.0,,,142.47,2.0,,,141.5,2.0,,,140.0,1.0,,,125.0,1.0,,
384,Germany_Baseload#19#0#10000106,2021-10-05 06:28:32.157000,145.05,1.0,147.06,1.0,145.0,1.0,147.5,1.0,144.5,2.0,148.0,1.0,144.0,2.0,149.0,2.0,143.0,1.0,,,142.5,1.0,,,142.47,2.0,,,141.5,2.0,,,140.0,1.0,,,125.0,1.0,,
385,Germany_Baseload#19#0#10000106,2021-10-05 06:28:32.359000,145.05,1.0,147.05,1.0,145.0,1.0,147.5,1.0,144.5,2.0,148.0,1.0,144.0,2.0,149.0,2.0,143.0,1.0,,,142.5,1.0,,,142.47,2.0,,,141.5,2.0,,,140.0,1.0,,,125.0,1.0,,
386,Germany_Baseload#19#0#10000106,2021-10-05 06:28:32.564000,145.05,1.0,147.04,1.0,145.0,1.0,147.5,1.0,144.5,2.0,148.0,1.0,144.0,2.0,149.0,2.0,143.0,1.0,,,142.5,1.0,,,142.47,2.0,,,141.5,2.0,,,140.0,1.0,,,125.0,1.0,,
387,Germany_Baseload#19#0#10000106,2021-10-05 06:28:32.766000,145.05,1.0,147.03,1.0,145.0,1.0,147.5,1.0,144.5,2.0,148.0,1.0,144.0,2.0,149.0,2.0,143.0,1.0,,,142.5,1.0,,,142.47,2.0,,,141.5,2.0,,,140.0,1.0,,,125.0,1.0,,
388,Germany_Baseload#19#0#10000106,2021-10-05 06:28:32.961000,145.05,1.0,147.02,1.0,145.0,1.0,147.5,1.0,144.5,2.0,148.0,1.0,144.0,2.0,149.0,2.0,143.0,1.0,,,142.5,1.0,,,142.47,2.0,,,141.5,2.0,,,140.0,1.0,,,125.0,1.0,,
389,Germany_Baseload#19#0#10000106,2021-10-05 06:28:33.159000,145.05,1.0,147.01,1.0,145.0,1.0,147.02,1.0,144.5,2.0,147.5,1.0,144.0,2.0,148.0,1.0,143.0,1.0,149.0,2.0,142.5,1.0,,,142.47,2.0,,,141.5,2.0,,,140.0,1.0,,,125.0,1.0,,
390,Germany_Baseload#19#0#10000106,2021-10-05 06:28:33.160000,145.05,1.0,147.01,1.0,145.0,1.0,147.5,1.0,144.5,2.0,148.0,1.0,144.0,2.0,149.0,2.0,143.0,1.0,,,142.5,1.0,,,142.47,2.0,,,141.5,2.0,,,140.0,1.0,,,125.0,1.0,,
391,Germany_Baseload#19#0#10000106,2021-10-05 06:28:33.356000,145.05,1.0,147.0,1.0,145.0,1.0,147.5,1.0,144.5,2.0,148.0,1.0,144.0,2.0,149.0,2.0,143.0,1.0,,,142.5,1.0,,,142.47,2.0,,,141.5,2.0,,,140.0,1.0,,,125.0,1.0,,
392,Germany_Baseload#19#0#10000106,2021-10-05 06:28:33.563000,145.05,1.0,146.99,1.0,145.0,1.0,147.5,1.0,144.5,2.0,148.0,1.0,144.0,2.0,149.0,2.0,143.0,1.0,,,142.5,1.0,,,142.47,2.0,,,141.5,2.0,,,140.0,1.0,,,125.0,1.0,,
393,Germany_Baseload#19#0#10000106,2021-10-05 06:28:33.764000,145.05,1.0,146.98,1.0,145.0,1.0,147.5,1.0,144.5,2.0,148.0,1.0,144.0,2.0,149.0,2.0,143.0,1.0,,,142.5,1.0,,,142.47,2.0,,,141.5,2.0,,,140.0,1.0,,,125.0,1.0,,
394,Germany_Baseload#19#0#10000106,2021-10-05 06:28:33.956000,145.05,1.0,146.97,1.0,145.0,1.0,147.5,1.0,144.5,2.0,148.0,1.0,144.0,2.0,149.0,2.0,143.0,1.0,,,142.5,1.0,,,142.47,2.0,,,141.5,2.0,,,140.0,1.0,,,125.0,1.0,,
395,Germany_Baseload#19#0#10000106,2021-10-05 06:28:34.158000,145.05,1.0,146.96,1.0,145.0,1.0,146.97,1.0,144.5,2.0,147.5,1.0,144.0,2.0,148.0,1.0,143.0,1.0,149.0,2.0,142.5,1.0,,,142.47,2.0,,,141.5,2.0,,,140.0,1.0,,,125.0,1.0,,
396,Germany_Baseload#19#0#10000106,2021-10-05 06:28:34.160000,145.05,1.0,146.96,1.0,145.0,1.0,147.5,1.0,144.5,2.0,148.0,1.0,144.0,2.0,149.0,2.0,143.0,1.0,,,142.5,1.0,,,142.47,2.0,,,141.5,2.0,,,140.0,1.0,,,125.0,1.0,,
397,Germany_Baseload#19#0#10000106,2021-10-05 06:28:34.359000,145.05,1.0,146.95,1.0,145.0,1.0,147.5,1.0,144.5,2.0,148.0,1.0,144.0,2.0,149.0,2.0,143.0,1.0,,,142.5,1.0,,,142.47,2.0,,,141.5,2.0,,,140.0,1.0,,,125.0,1.0,,
398,Germany_Baseload#19#0#10000106,2021-10-05 06:28:34.563000,145.05,1.0,146.94,1.0,145.0,1.0,147.5,1.0,144.5,2.0,148.0,1.0,144.0,2.0,149.0,2.0,143.0,1.0,,,142.5,1.0,,,142.47,2.0,,,141.5,2.0,,,140.0,1.0,,,125.0,1.0,,
399,Germany_Baseload#19#0#10000106,2021-10-05 06:28:34.766000,145.05,1.0,146.93,1.0,145.0,1.0,147.5,1.0,144.5,2.0,148.0,1.0,144.0,2.0,149.0,2.0,143.0,1.0,,,142.5,1.0,,,142.47,2.0,,,141.5,2.0,,,140.0,1.0,,,125.0,1.0,,
400,Germany_Baseload#19#0#10000106,2021-10-05 06:28:34.955000,145.05,1.0,146.92,1.0,145.0,1.0,147.5,1.0,144.5,2.0,148.0,1.0,144.0,2.0,149.0,2.0,143.0,1.0,,,142.5,1.0,,,142.47,2.0,,,141.5,2.0,,,140.0,1.0,,,125.0,1.0,,
401,Germany_Baseload#19#0#10000106,2021-10-05 06:28:35.164000,145.05,1.0,146.91,1.0,145.0,1.0,147.5,1.0,144.5,2.0,148.0,1.0,144.0,2.0,149.0,2.0,143.0,1.0,,,142.5,1.0,,,142.47,2.0,,,141.5,2.0,,,140.0,1.0,,,125.0,1.0,,
402,Germany_Baseload#19#0#10000106,2021-10-05 06:28:35.361000,145.05,1.0,146.9,1.0,145.0,1.0,146.91,1.0,144.5,2.0,147.5,1.0,144.0,2.0,148.0,1.0,143.0,1.0,149.0,2.0,142.5,1.0,,,142.47,2.0,,,141.5,2.0,,,140.0,1.0,,,125.0,1.0,,
403,Germany_Baseload#19#0#10000106,2021-10-05 06:28:35.362000,145.05,1.0,146.9,1.0,145.0,1.0,147.5,1.0,144.5,2.0,148.0,1.0,144.0,2.0,149.0,2.0,143.0,1.0,,,142.5,1.0,,,142.47,2.0,,,141.5,2.0,,,140.0,1.0,,,125.0,1.0,,
404,Germany_Baseload#19#0#10000106,2021-10-05 06:28:35.557000,145.05,1.0,146.89,1.0,145.0,1.0,147.5,1.0,144.5,2.0,148.0,1.0,144.0,2.0,149.0,2.0,143.0,1.0,,,142.5,1.0,,,142.47,2.0,,,141.5,2.0,,,140.0,1.0,,,125.0,1.0,,
405,Germany_Baseload#19#0#10000106,2021-10-05 06:28:35.757000,145.05,1.0,146.88,1.0,145.0,1.0,147.5,1.0,144.5,2.0,148.0,1.0,144.0,2.0,149.0,2.0,143.0,1.0,,,142.5,1.0,,,142.47,2.0,,,141.5,2.0,,,140.0,1.0,,,125.0,1.0,,
406,Germany_Baseload#19#0#10000106,2021-10-05 06:28:35.966000,145.05,1.0,146.87,1.0,145.0,1.0,147.5,1.0,144.5,2.0,148.0,1.0,144.0,2.0,149.0,2.0,143.0,1.0,,,142.5,1.0,,,142.47,2.0,,,141.5,2.0,,,140.0,1.0,,,125.0,1.0,,
407,Germany_Baseload#19#0#10000106,2021-10-05 06:28:36.159000,145.05,1.0,146.86,1.0,145.0,1.0,147.5,1.0,144.5,2.0,148.0,1.0,144.0,2.0,149.0,2.0,143.0,1.0,,,142.5,1.0,,,142.47,2.0,,,141.5,2.0,,,140.0,1.0,,,125.0,1.0,,
408,Germany_Baseload#19#0#10000106,2021-10-05 06:28:36.354000,145.05,1.0,146.85,1.0,145.0,1.0,146.86,1.0,144.5,2.0,147.5,1.0,144.0,2.0,148.0,1.0,143.0,1.0,149.0,2.0,142.5,1.0,,,142.47,2.0,,,141.5,2.0,,,140.0,1.0,,,125.0,1.0,,
409,Germany_Baseload#19#0#10000106,2021-10-05 06:28:36.355000,145.05,1.0,146.85,1.0,145.0,1.0,147.5,1.0,144.5,2.0,148.0,1.0,144.0,2.0,149.0,2.0,143.0,1.0,,,142.5,1.0,,,142.47,2.0,,,141.5,2.0,,,140.0,1.0,,,125.0,1.0,,
410,Germany_Baseload#19#0#10000106,2021-10-05 06:28:36.552000,145.05,1.0,146.84,1.0,145.0,1.0,146.85,1.0,144.5,2.0,147.5,1.0,144.0,2.0,148.0,1.0,143.0,1.0,149.0,2.0,142.5,1.0,,,142.47,2.0,,,141.5,2.0,,,140.0,1.0,,,125.0,1.0,,
411,Germany_Baseload#19#0#10000106,2021-10-05 06:28:36.553000,145.05,1.0,146.84,1.0,145.0,1.0,147.5,1.0,144.5,2.0,148.0,1.0,144.0,2.0,149.0,2.0,143.0,1.0,,,142.5,1.0,,,142.47,2.0,,,141.5,2.0,,,140.0,1.0,,,125.0,1.0,,
412,Germany_Baseload#19#0#10000106,2021-10-05 06:28:36.762000,145.05,1.0,146.83,1.0,145.0,1.0,147.5,1.0,144.5,2.0,148.0,1.0,144.0,2.0,149.0,2.0,143.0,1.0,,,142.5,1.0,,,142.47,2.0,,,141.5,2.0,,,140.0,1.0,,,125.0,1.0,,
413,Germany_Baseload#19#0#10000106,2021-10-05 06:28:36.957000,145.05,1.0,146.82,1.0,145.0,1.0,147.5,1.0,144.5,2.0,148.0,1.0,144.0,2.0,149.0,2.0,143.0,1.0,,,142.5,1.0,,,142.47,2.0,,,141.5,2.0,,,140.0,1.0,,,125.0,1.0,,
414,Germany_Baseload#19#0#10000106,2021-10-05 06:28:37.160000,145.05,1.0,146.81,1.0,145.0,1.0,146.82,1.0,144.5,2.0,147.5,1.0,144.0,2.0,148.0,1.0,143.0,1.0,149.0,2.0,142.5,1.0,,,142.47,2.0,,,141.5,2.0,,,140.0,1.0,,,125.0,1.0,,
415,Germany_Baseload#19#0#10000106,2021-10-05 06:28:37.161000,145.05,1.0,146.81,1.0,145.0,1.0,147.5,1.0,144.5,2.0,148.0,1.0,144.0,2.0,149.0,2.0,143.0,1.0,,,142.5,1.0,,,142.47,2.0,,,141.5,2.0,,,140.0,1.0,,,125.0,1.0,,
416,Germany_Baseload#19#0#10000106,2021-10-05 06:28:37.354000,145.05,1.0,146.8,1.0,145.0,1.0,147.5,1.0,144.5,2.0,148.0,1.0,144.0,2.0,149.0,2.0,143.0,1.0,,,142.5,1.0,,,142.47,2.0,,,141.5,2.0,,,140.0,1.0,,,125.0,1.0,,
417,Germany_Baseload#19#0#10000106,2021-10-05 06:28:37.554000,145.05,1.0,146.79,1.0,145.0,1.0,147.5,1.0,144.5,2.0,148.0,1.0,144.0,2.0,149.0,2.0,143.0,1.0,,,142.5,1.0,,,142.47,2.0,,,141.5,2.0,,,140.0,1.0,,,125.0,1.0,,
418,Germany_Baseload#19#0#10000106,2021-10-05 06:28:37.757000,145.05,1.0,146.78,1.0,145.0,1.0,147.5,1.0,144.5,2.0,148.0,1.0,144.0,2.0,149.0,2.0,143.0,1.0,,,142.5,1.0,,,142.47,2.0,,,141.5,2.0,,,140.0,1.0,,,125.0,1.0,,
419,Germany_Baseload#19#0#10000106,2021-10-05 06:28:37.957000,145.05,1.0,146.77,1.0,145.0,1.0,147.5,1.0,144.5,2.0,148.0,1.0,144.0,2.0,149.0,2.0,143.0,1.0,,,142.5,1.0,,,142.47,2.0,,,141.5,2.0,,,140.0,1.0,,,125.0,1.0,,
420,Germany_Baseload#19#0#10000106,2021-10-05 06:28:38.163000,145.05,1.0,146.76,1.0,145.0,1.0,147.5,1.0,144.5,2.0,148.0,1.0,144.0,2.0,149.0,2.0,143.0,1.0,,,142.5,1.0,,,142.47,2.0,,,141.5,2.0,,,140.0,1.0,,,125.0,1.0,,
421,Germany_Baseload#19#0#10000106,2021-10-05 06:28:38.366000,145.05,1.0,146.75,1.0,145.0,1.0,147.5,1.0,144.5,2.0,148.0,1.0,144.0,2.0,149.0,2.0,143.0,1.0,,,142.5,1.0,,,142.47,2.0,,,141.5,2.0,,,140.0,1.0,,,125.0,1.0,,
422,Germany_Baseload#19#0#10000106,2021-10-05 06:28:38.557000,145.05,1.0,146.74,1.0,145.0,1.0,147.5,1.0,144.5,2.0,148.0,1.0,144.0,2.0,149.0,2.0,143.0,1.0,,,142.5,1.0,,,142.47,2.0,,,141.5,2.0,,,140.0,1.0,,,125.0,1.0,,
423,Germany_Baseload#19#0#10000106,2021-10-05 06:28:38.763000,145.05,1.0,146.73,1.0,145.0,1.0,147.5,1.0,144.5,2.0,148.0,1.0,144.0,2.0,149.0,2.0,143.0,1.0,,,142.5,1.0,,,142.47,2.0,,,141.5,2.0,,,140.0,1.0,,,125.0,1.0,,
424,Germany_Baseload#19#0#10000106,2021-10-05 06:28:38.955000,145.05,1.0,146.72,1.0,145.0,1.0,147.5,1.0,144.5,2.0,148.0,1.0,144.0,2.0,149.0,2.0,143.0,1.0,,,142.5,1.0,,,142.47,2.0,,,141.5,2.0,,,140.0,1.0,,,125.0,1.0,,
425,Germany_Baseload#19#0#10000106,2021-10-05 06:28:39.154000,145.05,1.0,146.71,1.0,145.0,1.0,147.5,1.0,144.5,2.0,148.0,1.0,144.0,2.0,149.0,2.0,143.0,1.0,,,142.5,1.0,,,142.47,2.0,,,141.5,2.0,,,140.0,1.0,,,125.0,1.0,,
426,Germany_Baseload#19#0#10000106,2021-10-05 06:28:39.354000,145.05,1.0,146.7,1.0,145.0,1.0,147.5,1.0,144.5,2.0,148.0,1.0,144.0,2.0,149.0,2.0,143.0,1.0,,,142.5,1.0,,,142.47,2.0,,,141.5,2.0,,,140.0,1.0,,,125.0,1.0,,
427,Germany_Baseload#19#0#10000106,2021-10-05 06:28:39.563000,145.05,1.0,146.69,1.0,145.0,1.0,146.7,1.0,144.5,2.0,147.5,1.0,144.0,2.0,148.0,1.0,143.0,1.0,149.0,2.0,142.5,1.0,,,142.47,2.0,,,141.5,2.0,,,140.0,1.0,,,125.0,1.0,,
428,Germany_Baseload#19#0#10000106,2021-10-05 06:28:39.564000,145.05,1.0,146.69,1.0,145.0,1.0,147.5,1.0,144.5,2.0,148.0,1.0,144.0,2.0,149.0,2.0,143.0,1.0,,,142.5,1.0,,,142.47,2.0,,,141.5,2.0,,,140.0,1.0,,,125.0,1.0,,
429,Germany_Baseload#19#0#10000106,2021-10-05 06:28:39.763000,145.05,1.0,146.68,1.0,145.0,1.0,147.5,1.0,144.5,2.0,148.0,1.0,144.0,2.0,149.0,2.0,143.0,1.0,,,142.5,1.0,,,142.47,2.0,,,141.5,2.0,,,140.0,1.0,,,125.0,1.0,,
430,Germany_Baseload#19#0#10000106,2021-10-05 06:28:39.962000,145.05,1.0,146.67,1.0,145.0,1.0,147.5,1.0,144.5,2.0,148.0,1.0,144.0,2.0,149.0,2.0,143.0,1.0,,,142.5,1.0,,,142.47,2.0,,,141.5,2.0,,,140.0,1.0,,,125.0,1.0,,
431,Germany_Baseload#19#0#10000106,2021-10-05 06:28:40.160000,145.05,1.0,146.66,1.0,145.0,1.0,147.5,1.0,144.5,2.0,148.0,1.0,144.0,2.0,149.0,2.0,143.0,1.0,,,142.5,1.0,,,142.47,2.0,,,141.5,2.0,,,140.0,1.0,,,125.0,1.0,,
432,Germany_Baseload#19#0#10000106,2021-10-05 06:28:40.357000,145.05,1.0,146.65,1.0,145.0,1.0,147.5,1.0,144.5,2.0,148.0,1.0,144.0,2.0,149.0,2.0,143.0,1.0,,,142.5,1.0,,,142.47,2.0,,,141.5,2.0,,,140.0,1.0,,,125.0,1.0,,
433,Germany_Baseload#19#0#10000106,2021-10-05 06:28:40.573000,145.05,1.0,146.64,1.0,145.0,1.0,147.5,1.0,144.5,2.0,148.0,1.0,144.0,2.0,149.0,2.0,143.0,1.0,,,142.5,1.0,,,142.47,2.0,,,141.5,2.0,,,140.0,1.0,,,125.0,1.0,,
434,Germany_Baseload#19#0#10000106,2021-10-05 06:28:40.757000,145.05,1.0,146.63,1.0,145.0,1.0,147.5,1.0,144.5,2.0,148.0,1.0,144.0,2.0,149.0,2.0,143.0,1.0,,,142.5,1.0,,,142.47,2.0,,,141.5,2.0,,,140.0,1.0,,,125.0,1.0,,
435,Germany_Baseload#19#0#10000106,2021-10-05 06:28:40.958000,145.05,1.0,146.62,1.0,145.0,1.0,147.5,1.0,144.5,2.0,148.0,1.0,144.0,2.0,149.0,2.0,143.0,1.0,,,142.5,1.0,,,142.47,2.0,,,141.5,2.0,,,140.0,1.0,,,125.0,1.0,,
436,Germany_Baseload#19#0#10000106,2021-10-05 06:28:41.161000,145.05,1.0,146.61,1.0,145.0,1.0,147.5,1.0,144.5,2.0,148.0,1.0,144.0,2.0,149.0,2.0,143.0,1.0,,,142.5,1.0,,,142.47,2.0,,,141.5,2.0,,,140.0,1.0,,,125.0,1.0,,
437,Germany_Baseload#19#0#10000106,2021-10-05 06:28:41.356000,145.05,1.0,146.6,1.0,145.0,1.0,146.61,1.0,144.5,2.0,147.5,1.0,144.0,2.0,148.0,1.0,143.0,1.0,149.0,2.0,142.5,1.0,,,142.47,2.0,,,141.5,2.0,,,140.0,1.0,,,125.0,1.0,,
438,Germany_Baseload#19#0#10000106,2021-10-05 06:28:41.357000,145.05,1.0,146.6,1.0,145.0,1.0,147.5,1.0,144.5,2.0,148.0,1.0,144.0,2.0,149.0,2.0,143.0,1.0,,,142.5,1.0,,,142.47,2.0,,,141.5,2.0,,,140.0,1.0,,,125.0,1.0,,
439,Germany_Baseload#19#0#10000106,2021-10-05 06:28:41.560000,145.05,1.0,146.59,1.0,145.0,1.0,147.5,1.0,144.5,2.0,148.0,1.0,144.0,2.0,149.0,2.0,143.0,1.0,,,142.5,1.0,,,142.47,2.0,,,141.5,2.0,,,140.0,1.0,,,125.0,1.0,,
440,Germany_Baseload#19#0#10000106,2021-10-05 06:28:41.756000,145.05,1.0,146.58,1.0,145.0,1.0,146.59,1.0,144.5,2.0,147.5,1.0,144.0,2.0,148.0,1.0,143.0,1.0,149.0,2.0,142.5,1.0,,,142.47,2.0,,,141.5,2.0,,,140.0,1.0,,,125.0,1.0,,
441,Germany_Baseload#19#0#10000106,2021-10-05 06:28:41.757000,145.05,1.0,146.58,1.0,145.0,1.0,147.5,1.0,144.5,2.0,148.0,1.0,144.0,2.0,149.0,2.0,143.0,1.0,,,142.5,1.0,,,142.47,2.0,,,141.5,2.0,,,140.0,1.0,,,125.0,1.0,,
442,Germany_Baseload#19#0#10000106,2021-10-05 06:28:41.959000,145.05,1.0,146.57,1.0,145.0,1.0,147.5,1.0,144.5,2.0,148.0,1.0,144.0,2.0,149.0,2.0,143.0,1.0,,,142.5,1.0,,,142.47,2.0,,,141.5,2.0,,,140.0,1.0,,,125.0,1.0,,
443,Germany_Baseload#19#0#10000106,2021-10-05 06:28:42.165000,145.05,1.0,146.56,1.0,145.0,1.0,147.5,1.0,144.5,2.0,148.0,1.0,144.0,2.0,149.0,2.0,143.0,1.0,,,142.5,1.0,,,142.47,2.0,,,141.5,2.0,,,140.0,1.0,,,125.0,1.0,,
444,Germany_Baseload#19#0#10000106,2021-10-05 06:28:42.356000,145.05,1.0,146.55,1.0,145.0,1.0,147.5,1.0,144.5,2.0,148.0,1.0,144.0,2.0,149.0,2.0,143.0,1.0,,,142.5,1.0,,,142.47,2.0,,,141.5,2.0,,,140.0,1.0,,,125.0,1.0,,
445,Germany_Baseload#19#0#10000106,2021-10-05 06:28:42.559000,145.05,1.0,146.54,1.0,145.0,1.0,147.5,1.0,144.5,2.0,148.0,1.0,144.0,2.0,149.0,2.0,143.0,1.0,,,142.5,1.0,,,142.47,2.0,,,141.5,2.0,,,140.0,1.0,,,125.0,1.0,,
446,Germany_Baseload#19#0#10000106,2021-10-05 06:28:42.768000,145.05,1.0,146.53,1.0,145.0,1.0,147.5,1.0,144.5,2.0,148.0,1.0,144.0,2.0,149.0,2.0,143.0,1.0,,,142.5,1.0,,,142.47,2.0,,,141.5,2.0,,,140.0,1.0,,,125.0,1.0,,
447,Germany_Baseload#19#0#10000106,2021-10-05 06:28:42.965000,145.05,1.0,146.52,1.0,145.0,1.0,147.5,1.0,144.5,2.0,148.0,1.0,144.0,2.0,149.0,2.0,143.0,1.0,,,142.5,1.0,,,142.47,2.0,,,141.5,2.0,,,140.0,1.0,,,125.0,1.0,,
448,Germany_Baseload#19#0#10000106,2021-10-05 06:28:43.157000,145.05,1.0,146.51,1.0,145.0,1.0,147.5,1.0,144.5,2.0,148.0,1.0,144.0,2.0,149.0,2.0,143.0,1.0,,,142.5,1.0,,,142.47,2.0,,,141.5,2.0,,,140.0,1.0,,,125.0,1.0,,
449,Germany_Baseload#19#0#10000106,2021-10-05 06:28:43.352000,145.05,1.0,146.5,1.0,145.0,1.0,146.51,1.0,144.5,2.0,147.5,1.0,144.0,2.0,148.0,1.0,143.0,1.0,149.0,2.0,142.5,1.0,,,142.47,2.0,,,141.5,2.0,,,140.0,1.0,,,125.0,1.0,,
450,Germany_Baseload#19#0#10000106,2021-10-05 06:28:43.353000,145.05,1.0,146.5,1.0,145.0,1.0,147.5,1.0,144.5,2.0,148.0,1.0,144.0,2.0,149.0,2.0,143.0,1.0,,,142.5,1.0,,,142.47,2.0,,,141.5,2.0,,,140.0,1.0,,,125.0,1.0,,
451,Germany_Baseload#19#0#10000106,2021-10-05 06:28:43.563000,145.05,1.0,146.49,1.0,145.0,1.0,147.5,1.0,144.5,2.0,148.0,1.0,144.0,2.0,149.0,2.0,143.0,1.0,,,142.5,1.0,,,142.47,2.0,,,141.5,2.0,,,140.0,1.0,,,125.0,1.0,,
452,Germany_Baseload#19#0#10000106,2021-10-05 06:28:43.754000,145.05,1.0,146.48,1.0,145.0,1.0,146.49,1.0,144.5,2.0,147.5,1.0,144.0,2.0,148.0,1.0,143.0,1.0,149.0,2.0,142.5,1.0,,,142.47,2.0,,,141.5,2.0,,,140.0,1.0,,,125.0,1.0,,
453,Germany_Baseload#19#0#10000106,2021-10-05 06:28:43.755000,145.05,1.0,146.48,1.0,145.0,1.0,147.5,1.0,144.5,2.0,148.0,1.0,144.0,2.0,149.0,2.0,143.0,1.0,,,142.5,1.0,,,142.47,2.0,,,141.5,2.0,,,140.0,1.0,,,125.0,1.0,,
454,Germany_Baseload#19#0#10000106,2021-10-05 06:28:43.961000,145.05,1.0,146.47,1.0,145.0,1.0,147.5,1.0,144.5,2.0,148.0,1.0,144.0,2.0,149.0,2.0,143.0,1.0,,,142.5,1.0,,,142.47,2.0,,,141.5,2.0,,,140.0,1.0,,,125.0,1.0,,
455,Germany_Baseload#19#0#10000106,2021-10-05 06:28:44.158000,145.05,1.0,146.46,1.0,145.0,1.0,147.5,1.0,144.5,2.0,148.0,1.0,144.0,2.0,149.0,2.0,143.0,1.0,,,142.5,1.0,,,142.47,2.0,,,141.5,2.0,,,140.0,1.0,,,125.0,1.0,,
456,Germany_Baseload#19#0#10000106,2021-10-05 06:28:44.374000,145.05,1.0,146.45,1.0,145.0,1.0,147.5,1.0,144.5,2.0,148.0,1.0,144.0,2.0,149.0,2.0,143.0,1.0,,,142.5,1.0,,,142.47,2.0,,,141.5,2.0,,,140.0,1.0,,,125.0,1.0,,
457,Germany_Baseload#19#0#10000106,2021-10-05 06:28:44.553000,145.05,1.0,146.44,1.0,145.0,1.0,147.5,1.0,144.5,2.0,148.0,1.0,144.0,2.0,149.0,2.0,143.0,1.0,,,142.5,1.0,,,142.47,2.0,,,141.5,2.0,,,140.0,1.0,,,125.0,1.0,,
458,Germany_Baseload#19#0#10000106,2021-10-05 06:28:44.756000,145.05,1.0,146.43,1.0,145.0,1.0,146.44,1.0,144.5,2.0,147.5,1.0,144.0,2.0,148.0,1.0,143.0,1.0,149.0,2.0,142.5,1.0,,,142.47,2.0,,,141.5,2.0,,,140.0,1.0,,,125.0,1.0,,
459,Germany_Baseload#19#0#10000106,2021-10-05 06:28:44.757000,145.05,1.0,146.43,1.0,145.0,1.0,147.5,1.0,144.5,2.0,148.0,1.0,144.0,2.0,149.0,2.0,143.0,1.0,,,142.5,1.0,,,142.47,2.0,,,141.5,2.0,,,140.0,1.0,,,125.0,1.0,,
460,Germany_Baseload#19#0#10000106,2021-10-05 06:28:44.961000,145.05,1.0,146.42,1.0,145.0,1.0,146.43,1.0,144.5,2.0,147.5,1.0,144.0,2.0,148.0,1.0,143.0,1.0,149.0,2.0,142.5,1.0,,,142.47,2.0,,,141.5,2.0,,,140.0,1.0,,,125.0,1.0,,
461,Germany_Baseload#19#0#10000106,2021-10-05 06:28:44.962000,145.05,1.0,146.42,1.0,145.0,1.0,147.5,1.0,144.5,2.0,148.0,1.0,144.0,2.0,149.0,2.0,143.0,1.0,,,142.5,1.0,,,142.47,2.0,,,141.5,2.0,,,140.0,1.0,,,125.0,1.0,,
462,Germany_Baseload#19#0#10000106,2021-10-05 06:28:45.155000,145.05,1.0,146.41,1.0,145.0,1.0,147.5,1.0,144.5,2.0,148.0,1.0,144.0,2.0,149.0,2.0,143.0,1.0,,,142.5,1.0,,,142.47,2.0,,,141.5,2.0,,,140.0,1.0,,,125.0,1.0,,
463,Germany_Baseload#19#0#10000106,2021-10-05 06:28:45.356000,145.05,1.0,146.4,1.0,145.0,1.0,147.5,1.0,144.5,2.0,148.0,1.0,144.0,2.0,149.0,2.0,143.0,1.0,,,142.5,1.0,,,142.47,2.0,,,141.5,2.0,,,140.0,1.0,,,125.0,1.0,,
464,Germany_Baseload#19#0#10000106,2021-10-05 06:28:45.578000,145.05,1.0,146.39,1.0,145.0,1.0,147.5,1.0,144.5,2.0,148.0,1.0,144.0,2.0,149.0,2.0,143.0,1.0,,,142.5,1.0,,,142.47,2.0,,,141.5,2.0,,,140.0,1.0,,,125.0,1.0,,
465,Germany_Baseload#19#0#10000106,2021-10-05 06:28:45.764000,145.05,1.0,146.38,1.0,145.0,1.0,147.5,1.0,144.5,2.0,148.0,1.0,144.0,2.0,149.0,2.0,143.0,1.0,,,142.5,1.0,,,142.47,2.0,,,141.5,2.0,,,140.0,1.0,,,125.0,1.0,,
466,Germany_Baseload#19#0#10000106,2021-10-05 06:28:45.965000,145.05,1.0,146.37,1.0,145.0,1.0,147.5,1.0,144.5,2.0,148.0,1.0,144.0,2.0,149.0,2.0,143.0,1.0,150.0,1.0,142.5,1.0,,,142.47,2.0,,,141.5,2.0,,,140.0,1.0,,,125.0,1.0,,
467,Germany_Baseload#19#0#10000106,2021-10-05 06:28:46.111000,145.05,1.0,146.38,1.0,145.0,1.0,147.5,1.0,144.5,2.0,148.0,1.0,144.0,2.0,149.0,2.0,143.0,1.0,150.0,1.0,142.5,1.0,,,142.47,2.0,,,141.5,2.0,,,140.0,1.0,,,125.0,1.0,,
468,Germany_Baseload#19#0#10000106,2021-10-05 06:28:46.159000,145.05,1.0,146.36,1.0,145.0,1.0,147.5,1.0,144.5,2.0,148.0,1.0,144.0,2.0,149.0,2.0,143.0,1.0,150.0,1.0,142.5,1.0,,,142.47,2.0,,,141.5,2.0,,,140.0,1.0,,,125.0,1.0,,
469,Germany_Baseload#19#0#10000106,2021-10-05 06:28:46.364000,145.05,1.0,146.35,1.0,145.0,1.0,147.5,1.0,144.5,2.0,148.0,1.0,144.0,2.0,149.0,2.0,143.0,1.0,150.0,1.0,142.5,1.0,,,142.47,2.0,,,141.5,2.0,,,140.0,1.0,,,125.0,1.0,,
470,Germany_Baseload#19#0#10000106,2021-10-05 06:28:46.521000,145.05,1.0,147.5,1.0,145.0,1.0,148.0,1.0,144.5,2.0,149.0,2.0,144.0,2.0,150.0,1.0,143.0,1.0,,,142.5,1.0,,,142.47,2.0,,,141.5,2.0,,,140.0,1.0,,,125.0,1.0,,
471,Germany_Baseload#19#0#10000106,2021-10-05 06:29:04.015000,145.05,1.0,147.5,1.0,145.0,1.0,149.0,2.0,144.5,2.0,150.0,1.0,144.0,2.0,,,143.0,1.0,,,142.5,1.0,,,142.47,2.0,,,141.5,2.0,,,140.0,1.0,,,125.0,1.0,,
472,Germany_Baseload#19#0#10000106,2021-10-05 06:29:04.283000,145.05,1.0,147.0,1.0,145.0,1.0,147.5,1.0,144.5,2.0,149.0,1.0,144.0,2.0,150.0,1.0,143.0,1.0,,,142.5,1.0,,,142.47,2.0,,,141.5,2.0,,,140.0,1.0,,,125.0,1.0,,
473,Germany_Baseload#19#0#10000106,2021-10-05 06:29:04.944000,145.05,1.0,147.0,1.0,145.0,1.0,147.5,1.0,144.5,2.0,149.0,2.0,144.0,2.0,150.0,1.0,143.0,1.0,,,142.5,1.0,,,142.47,2.0,,,141.5,2.0,,,140.0,1.0,,,125.0,1.0,,
474,Germany_Baseload#19#0#10000106,2021-10-05 06:29:10.157000,146.35,1.0,147.0,1.0,145.05,1.0,147.5,1.0,145.0,1.0,149.0,1.0,144.5,2.0,150.0,1.0,144.0,2.0,,,143.0,1.0,,,142.5,1.0,,,142.47,2.0,,,141.5,2.0,,,140.0,1.0,,
475,Germany_Baseload#19#0#10000106,2021-10-05 06:29:23.404000,146.35,1.0,147.0,1.0,145.05,1.0,147.5,1.0,145.0,1.0,149.0,1.0,144.5,2.0,150.0,1.0,144.0,2.0,,,143.0,1.0,,,142.5,1.0,,,142.47,2.0,,,141.5,2.0,,,140.0,1.0,,
476,Germany_Baseload#19#0#10000106,2021-10-05 06:29:39.258000,146.35,1.0,146.9,1.0,145.05,1.0,147.5,1.0,145.0,1.0,149.0,1.0,144.5,2.0,150.0,1.0,144.0,2.0,,,143.0,1.0,,,142.5,1.0,,,142.47,2.0,,,141.5,2.0,,,140.0,1.0,,
477,Germany_Baseload#19#0#10000106,2021-10-05 06:29:48.463000,145.05,1.0,146.9,1.0,145.0,1.0,147.5,1.0,144.5,2.0,149.0,1.0,144.0,2.0,150.0,1.0,143.0,1.0,,,142.5,1.0,,,142.47,2.0,,,141.5,2.0,,,140.0,1.0,,,125.0,1.0,,
