,key,Datetime,BidPrice_0,BidVolume_0,AskPrice_0,AskVolume_0,BidPrice_1,BidVolume_1,AskPrice_1,AskVolume_1,BidPrice_2,BidVolume_2,AskPrice_2,AskVolume_2,BidPrice_3,BidVolume_3,AskPrice_3,AskVolume_3,BidPrice_4,BidVolume_4,AskPrice_4,AskVolume_4,BidPrice_5,BidVolume_5,AskPrice_5,AskVolume_5,BidPrice_6,BidVolume_6,AskPrice_6,AskVolume_6,BidPrice_7,BidVolume_7,AskPrice_7,AskVolume_7,BidPrice_8,BidVolume_8,AskPrice_8,AskVolume_8,BidPrice_9,BidVolume_9,AskPrice_9,AskVolume_9
0,Germany_Baseload#19#0#10000106,2021-10-14 05:41:18.346000,,,127.0,1.0,,,,,,,,,,,,,,,,,,,,,,,,,,,,,,,,,,,,
1,Germany_Baseload#19#0#10000106,2021-10-14 05:55:16.880000,122.0,1.0,127.0,1.0,,,,,,,,,,,,,,,,,,,,,,,,,,,,,,,,,,,,
2,Germany_Baseload#19#0#10000106,2021-10-14 05:55:16.927000,122.0,1.0,127.0,1.0,121.97,1.0,,,,,,,,,,,,,,,,,,,,,,,,,,,,,,,,,,
3,Germany_Baseload#19#0#10000106,2021-10-14 05:55:16.958000,122.0,1.0,127.0,1.0,121.97,1.0,,,121.94,1.0,,,,,,,,,,,,,,,,,,,,,,,,,,,,,,
4,Germany_Baseload#19#0#10000106,2021-10-14 05:57:03.684000,122.0,1.0,127.0,1.0,121.97,1.0,,,121.94,1.0,,,,,,,,,,,,,,,,,,,,,,,,,,,,,,
5,Germany_Baseload#19#0#10000106,2021-10-14 06:00:00.939000,122.0,1.0,127.0,1.0,121.97,1.0,,,121.94,1.0,,,52.0,1.0,,,48.0,3.0,,,,,,,,,,,,,,,,,,,,,,
6,Germany_Baseload#19#0#10000106,2021-10-14 06:00:00.940000,122.0,1.0,127.0,1.0,121.97,1.0,132.0,1.0,121.94,1.0,,,52.0,1.0,,,48.0,3.0,,,,,,,,,,,,,,,,,,,,,,
7,Germany_Baseload#19#0#10000106,2021-10-14 06:00:59.796000,123.0,1.0,127.0,1.0,122.0,1.0,132.0,1.0,121.97,1.0,,,121.94,1.0,,,52.0,1.0,,,48.0,3.0,,,,,,,,,,,,,,,,,,
8,Germany_Baseload#19#0#10000106,2021-10-14 06:01:09.952000,123.0,1.0,127.0,1.0,122.0,1.0,132.0,1.0,121.97,1.0,,,121.94,1.0,,,116.0,1.0,,,52.0,1.0,,,48.0,3.0,,,,,,,,,,,,,,
9,Germany_Baseload#19#0#10000106,2021-10-14 06:01:11.453000,123.0,1.0,127.0,1.0,122.0,1.0,132.0,1.0,121.97,1.0,,,121.94,1.0,,,116.0,1.0,,,52.0,1.0,,,48.0,3.0,,,,,,,,,,,,,,
10,Germany_Baseload#19#0#10000106,2021-10-14 06:01:15.342000,123.0,2.0,127.0,1.0,122.0,1.0,132.0,1.0,121.97,1.0,,,121.94,1.0,,,116.0,1.0,,,52.0,1.0,,,48.0,3.0,,,,,,,,,,,,,,
11,Germany_Baseload#19#0#10000106,2021-10-14 06:01:18.963000,123.0,2.0,132.0,1.0,122.0,1.0,,,121.97,1.0,,,121.94,1.0,,,116.0,1.0,,,52.0,1.0,,,48.0,3.0,,,,,,,,,,,,,,
12,Germany_Baseload#19#0#10000106,2021-10-14 06:01:19.004000,123.0,2.0,127.5,1.0,122.0,1.0,132.0,1.0,121.97,1.0,,,121.94,1.0,,,116.0,1.0,,,52.0,1.0,,,48.0,3.0,,,,,,,,,,,,,,
13,Germany_Baseload#19#0#10000106,2021-10-14 06:01:33.836000,123.0,3.0,128.0,1.0,122.0,1.0,132.0,1.0,121.97,1.0,,,121.94,1.0,,,119.0,1.0,,,52.0,1.0,,,48.0,3.0,,,,,,,,,,,,,,
14,Germany_Baseload#19#0#10000106,2021-10-14 06:01:34.939000,123.0,3.0,127.5,1.0,122.0,1.0,132.0,1.0,121.97,1.0,,,121.94,1.0,,,119.0,1.0,,,52.0,1.0,,,48.0,3.0,,,,,,,,,,,,,,
15,Germany_Baseload#19#0#10000106,2021-10-14 06:02:54.624000,124.0,2.0,128.0,1.0,123.0,3.0,132.0,1.0,122.0,1.0,,,121.97,1.0,,,121.94,1.0,,,119.0,1.0,,,52.0,1.0,,,48.0,3.0,,,,,,,,,,
16,Germany_Baseload#19#0#10000106,2021-10-14 06:03:01.605000,124.0,2.0,128.0,1.0,123.0,3.0,132.0,1.0,122.0,1.0,,,121.97,1.0,,,121.94,1.0,,,119.0,1.0,,,52.0,1.0,,,48.0,3.0,,,,,,,,,,
17,Germany_Baseload#19#0#10000106,2021-10-14 06:03:17.852000,124.5,1.0,128.0,1.0,124.0,2.0,132.0,1.0,123.0,3.0,,,122.0,1.0,,,121.97,1.0,,,121.94,1.0,,,119.0,1.0,,,52.0,1.0,,,48.0,3.0,,,,,,
18,Germany_Baseload#19#0#10000106,2021-10-14 06:03:40.858000,125.0,1.0,128.0,1.0,124.5,1.0,132.0,1.0,124.0,2.0,,,123.0,2.0,,,122.0,1.0,,,121.97,1.0,,,121.94,1.0,,,119.0,1.0,,,52.0,1.0,,,48.0,3.0,,
19,Germany_Baseload#19#0#10000106,2021-10-14 06:04:41.717000,125.0,3.0,128.0,1.0,124.5,1.0,132.0,1.0,123.0,2.0,,,122.0,1.0,,,121.97,1.0,,,121.94,1.0,,,119.0,2.0,,,52.0,1.0,,,48.0,3.0,,,,,,
20,Germany_Baseload#19#0#10000106,2021-10-14 06:04:54.942000,125.0,3.0,128.0,1.0,124.5,1.0,132.0,1.0,123.0,2.0,,,122.0,1.0,,,121.97,1.0,,,121.94,1.0,,,120.0,1.0,,,119.0,1.0,,,52.0,1.0,,,48.0,3.0,,
21,Germany_Baseload#19#0#10000106,2021-10-14 06:04:54.980000,125.0,3.0,128.0,1.0,124.5,1.0,132.0,1.0,123.0,2.0,,,122.0,1.0,,,121.97,1.0,,,121.94,1.0,,,120.0,2.0,,,52.0,1.0,,,48.0,3.0,,,,,,
22,Germany_Baseload#19#0#10000106,2021-10-14 06:05:11.441000,125.0,3.0,128.0,1.0,124.5,1.0,132.0,1.0,123.0,2.0,,,122.0,1.0,,,121.97,1.0,,,121.94,1.0,,,121.0,1.0,,,120.0,1.0,,,52.0,1.0,,,48.0,3.0,,
23,Germany_Baseload#19#0#10000106,2021-10-14 06:05:11.442000,125.0,3.0,128.0,1.0,124.5,1.0,132.0,1.0,123.0,2.0,,,122.0,1.0,,,121.97,1.0,,,121.94,1.0,,,121.0,1.0,,,52.0,1.0,,,48.0,3.0,,,,,,
24,Germany_Baseload#19#0#10000106,2021-10-14 06:05:24.703000,125.0,1.0,128.0,1.0,124.5,1.0,132.0,1.0,123.0,1.0,,,122.0,1.0,,,121.97,1.0,,,121.94,1.0,,,121.0,1.0,,,52.0,1.0,,,48.0,3.0,,,,,,
25,Germany_Baseload#19#0#10000106,2021-10-14 06:05:45.660000,125.0,1.0,132.0,1.0,124.5,1.0,,,123.0,1.0,,,122.0,1.0,,,121.97,1.0,,,121.94,1.0,,,121.0,1.0,,,52.0,1.0,,,48.0,3.0,,,,,,
26,Germany_Baseload#19#0#10000106,2021-10-14 06:05:45.715000,125.0,1.0,129.0,1.0,124.5,1.0,132.0,1.0,123.0,1.0,,,122.0,1.0,,,121.97,1.0,,,121.94,1.0,,,121.0,1.0,,,52.0,1.0,,,48.0,3.0,,,,,,
27,Germany_Baseload#19#0#10000106,2021-10-14 06:06:46.227000,125.0,1.0,129.0,1.0,124.5,1.0,130.0,1.0,123.0,1.0,132.0,1.0,122.0,1.0,,,121.97,1.0,,,121.94,1.0,,,121.0,1.0,,,52.0,1.0,,,48.0,3.0,,,,,,
28,Germany_Baseload#19#0#10000106,2021-10-14 06:06:58.109000,125.0,1.0,130.0,2.0,124.5,1.0,132.0,1.0,123.0,1.0,,,122.0,1.0,,,121.97,1.0,,,121.94,1.0,,,121.0,1.0,,,52.0,1.0,,,48.0,3.0,,,,,,
29,Germany_Baseload#19#0#10000106,2021-10-14 06:07:17.962000,126.0,1.0,130.0,2.0,125.0,1.0,132.0,1.0,124.5,1.0,,,123.0,1.0,,,122.0,1.0,,,121.97,1.0,,,121.94,1.0,,,121.0,1.0,,,52.0,1.0,,,48.0,3.0,,
30,Germany_Baseload#19#0#10000106,2021-10-14 06:07:44.828000,126.0,1.0,130.0,2.0,125.0,1.0,132.0,1.0,124.5,1.0,,,123.0,1.0,,,122.0,1.0,,,121.97,1.0,,,121.94,1.0,,,121.0,1.0,,,52.0,1.0,,,48.0,3.0,,
31,Germany_Baseload#19#0#10000106,2021-10-14 06:07:44.862000,126.0,1.0,130.0,2.0,125.0,4.0,132.0,1.0,124.5,1.0,,,123.0,1.0,,,122.0,1.0,,,121.97,1.0,,,121.94,1.0,,,121.0,1.0,,,52.0,1.0,,,48.0,3.0,,
32,Germany_Baseload#19#0#10000106,2021-10-14 06:07:44.863000,126.0,1.0,130.0,2.0,125.0,4.0,132.0,1.0,124.5,1.0,,,123.0,1.0,,,122.0,1.0,,,121.97,1.0,,,121.94,1.0,,,52.0,1.0,,,48.0,3.0,,,,,,
33,Germany_Baseload#19#0#10000106,2021-10-14 06:07:54.463000,126.0,1.0,130.0,1.0,125.0,4.0,132.0,1.0,124.5,1.0,,,123.0,1.0,,,122.0,1.0,,,121.97,1.0,,,121.94,1.0,,,52.0,1.0,,,48.0,3.0,,,,,,
34,Germany_Baseload#19#0#10000106,2021-10-14 06:08:11.420000,126.0,1.0,130.0,1.0,125.0,4.0,132.0,1.0,124.5,1.0,,,123.0,1.0,,,122.0,1.0,,,121.97,1.0,,,121.94,1.0,,,52.0,1.0,,,48.0,3.0,,,,,,
35,Germany_Baseload#19#0#10000106,2021-10-14 06:08:27.952000,126.0,1.0,132.0,1.0,125.0,4.0,,,124.5,1.0,,,123.0,1.0,,,122.0,1.0,,,121.97,1.0,,,121.94,1.0,,,52.0,1.0,,,48.0,3.0,,,,,,
36,Germany_Baseload#19#0#10000106,2021-10-14 06:08:51.985000,126.0,1.0,132.0,1.0,125.0,4.0,133.0,1.0,124.5,1.0,,,123.0,1.0,,,122.0,1.0,,,121.97,1.0,,,121.94,1.0,,,52.0,1.0,,,48.0,3.0,,,,,,
37,Germany_Baseload#19#0#10000106,2021-10-14 06:08:51.986000,126.0,1.0,133.0,1.0,125.0,4.0,,,124.5,1.0,,,123.0,1.0,,,122.0,1.0,,,121.97,1.0,,,121.94,1.0,,,52.0,1.0,,,48.0,3.0,,,,,,
38,Germany_Baseload#19#0#10000106,2021-10-14 06:08:52.125000,126.0,1.0,131.0,1.0,125.0,4.0,133.0,1.0,124.5,1.0,,,123.0,1.0,,,122.0,1.0,,,121.97,1.0,,,121.94,1.0,,,52.0,1.0,,,48.0,3.0,,,,,,
39,Germany_Baseload#19#0#10000106,2021-10-14 06:09:00.460000,126.0,1.0,131.0,1.0,125.0,4.0,,,124.5,1.0,,,123.0,1.0,,,122.0,1.0,,,121.97,1.0,,,121.94,1.0,,,52.0,1.0,,,48.0,3.0,,,,,,
40,Germany_Baseload#19#0#10000106,2021-10-14 06:09:00.492000,126.0,1.0,131.0,1.0,125.0,4.0,132.0,1.0,124.5,1.0,,,123.0,1.0,,,122.0,1.0,,,121.97,1.0,,,121.94,1.0,,,52.0,1.0,,,48.0,3.0,,,,,,
41,Germany_Baseload#19#0#10000106,2021-10-14 06:09:16.934000,126.0,1.0,131.0,1.0,125.0,4.0,132.0,1.0,124.5,1.0,135.0,1.0,123.0,1.0,,,122.0,1.0,,,121.97,1.0,,,121.94,1.0,,,52.0,1.0,,,48.0,3.0,,,,,,
42,Germany_Baseload#19#0#10000106,2021-10-14 06:09:34.292000,126.0,1.0,131.0,1.0,125.0,3.0,132.0,1.0,124.5,1.0,135.0,1.0,123.0,1.0,,,122.0,1.0,,,121.97,1.0,,,121.94,1.0,,,52.0,1.0,,,48.0,3.0,,,,,,
43,Germany_Baseload#19#0#10000106,2021-10-14 06:11:10.352000,127.5,3.0,131.0,1.0,126.0,1.0,132.0,1.0,125.0,3.0,135.0,1.0,124.5,1.0,,,123.0,1.0,,,122.0,1.0,,,121.97,1.0,,,121.94,1.0,,,52.0,1.0,,,48.0,3.0,,
44,Germany_Baseload#19#0#10000106,2021-10-14 06:11:25.790000,127.5,3.0,131.0,1.0,126.0,1.0,135.0,1.0,125.0,3.0,,,124.5,1.0,,,123.0,1.0,,,122.0,1.0,,,121.97,1.0,,,121.94,1.0,,,52.0,1.0,,,48.0,3.0,,
45,Germany_Baseload#19#0#10000106,2021-10-14 06:11:25.817000,127.5,3.0,131.0,2.0,126.0,1.0,135.0,1.0,125.0,3.0,,,124.5,1.0,,,123.0,1.0,,,122.0,1.0,,,121.97,1.0,,,121.94,1.0,,,52.0,1.0,,,48.0,3.0,,
46,Germany_Baseload#19#0#10000106,2021-10-14 06:11:39.168000,127.5,3.0,131.0,4.0,126.0,1.0,135.0,1.0,125.0,3.0,,,124.5,1.0,,,123.0,1.0,,,122.0,1.0,,,121.97,1.0,,,121.94,1.0,,,52.0,1.0,,,48.0,3.0,,
47,Germany_Baseload#19#0#10000106,2021-10-14 06:12:03.230000,127.5,3.0,130.0,1.0,126.0,1.0,131.0,4.0,125.0,3.0,135.0,1.0,124.5,1.0,,,123.0,1.0,,,122.0,1.0,,,121.97,1.0,,,121.94,1.0,,,52.0,1.0,,,48.0,3.0,,
48,Germany_Baseload#19#0#10000106,2021-10-14 06:12:10.464000,127.5,3.0,131.0,4.0,126.0,1.0,135.0,1.0,125.0,3.0,,,124.5,1.0,,,123.0,1.0,,,122.0,1.0,,,121.97,1.0,,,121.94,1.0,,,52.0,1.0,,,48.0,3.0,,
49,Germany_Baseload#19#0#10000106,2021-10-14 06:12:33.902000,127.5,3.0,130.0,1.0,126.0,1.0,131.0,4.0,125.0,3.0,135.0,1.0,124.5,1.0,,,123.0,1.0,,,122.0,1.0,,,121.97,1.0,,,121.94,1.0,,,52.0,1.0,,,48.0,3.0,,
50,Germany_Baseload#19#0#10000106,2021-10-14 06:12:34.138000,127.5,3.0,130.0,1.0,126.0,1.0,131.0,1.0,125.0,3.0,,,124.5,1.0,,,123.0,1.0,,,122.0,1.0,,,121.97,1.0,,,121.94,1.0,,,52.0,1.0,,,48.0,3.0,,
51,Germany_Baseload#19#0#10000106,2021-10-14 06:12:37.821000,127.5,3.0,130.0,1.0,126.0,1.0,131.0,1.0,125.0,3.0,,,124.5,1.0,,,123.0,1.0,,,122.0,1.0,,,121.97,1.0,,,121.94,1.0,,,52.0,1.0,,,48.0,3.0,,
52,Germany_Baseload#19#0#10000106,2021-10-14 06:12:49.888000,127.5,3.0,130.0,6.0,126.0,1.0,131.0,1.0,125.0,3.0,,,124.5,1.0,,,123.0,1.0,,,122.0,1.0,,,121.97,1.0,,,121.94,1.0,,,52.0,1.0,,,48.0,3.0,,
53,Germany_Baseload#19#0#10000106,2021-10-14 06:13:03.930000,127.5,3.0,130.0,7.0,126.0,1.0,131.0,1.0,125.0,3.0,,,124.5,1.0,,,123.0,1.0,,,122.0,1.0,,,121.97,1.0,,,121.94,1.0,,,52.0,1.0,,,48.0,3.0,,
54,Germany_Baseload#19#0#10000106,2021-10-14 06:13:13.869000,128.0,1.0,130.0,7.0,127.5,3.0,131.0,1.0,126.0,1.0,,,125.0,3.0,,,124.5,1.0,,,123.0,1.0,,,122.0,1.0,,,121.97,1.0,,,121.94,1.0,,,52.0,1.0,,
55,Germany_Baseload#19#0#10000106,2021-10-14 06:13:19.222000,128.0,1.0,129.75,1.0,127.5,3.0,130.0,6.0,126.0,1.0,131.0,1.0,125.0,3.0,,,124.5,1.0,,,123.0,1.0,,,122.0,1.0,,,121.97,1.0,,,121.94,1.0,,,52.0,1.0,,
56,Germany_Baseload#19#0#10000106,2021-10-14 06:13:51.281000,128.0,3.0,129.75,1.0,126.0,1.0,130.0,6.0,125.0,3.0,131.0,1.0,124.5,1.0,,,123.0,1.0,,,122.0,1.0,,,121.97,1.0,,,121.94,1.0,,,52.0,1.0,,,48.0,3.0,,
57,Germany_Baseload#19#0#10000106,2021-10-14 06:13:51.356000,128.0,1.0,129.75,1.0,126.0,1.0,130.0,6.0,125.0,3.0,131.0,1.0,124.5,1.0,,,123.0,1.0,,,122.0,1.0,,,121.97,1.0,,,121.94,1.0,,,52.0,1.0,,,48.0,3.0,,
58,Germany_Baseload#19#0#10000106,2021-10-14 06:16:16.385000,128.0,1.0,129.75,1.0,126.0,1.0,130.0,6.0,125.0,3.0,131.0,5.0,124.5,1.0,,,123.0,1.0,,,122.0,1.0,,,121.97,1.0,,,121.94,1.0,,,52.0,1.0,,,48.0,3.0,,
59,Germany_Baseload#19#0#10000106,2021-10-14 06:16:32.902000,128.0,1.0,129.75,1.0,126.0,1.0,130.0,6.0,125.5,1.0,131.0,5.0,125.0,3.0,,,124.5,1.0,,,123.0,1.0,,,122.0,1.0,,,121.97,1.0,,,121.94,1.0,,,52.0,1.0,,
60,Germany_Baseload#19#0#10000106,2021-10-14 06:16:49.297000,128.0,1.0,129.5,1.0,126.0,1.0,130.0,6.0,125.5,1.0,131.0,5.0,125.0,3.0,,,124.5,1.0,,,123.0,1.0,,,122.0,1.0,,,121.97,1.0,,,121.94,1.0,,,52.0,1.0,,
61,Germany_Baseload#19#0#10000106,2021-10-14 06:17:12.521000,128.5,1.0,129.5,1.0,128.0,1.0,130.0,6.0,126.0,1.0,131.0,5.0,125.5,1.0,,,125.0,3.0,,,124.5,1.0,,,123.0,1.0,,,122.0,1.0,,,121.97,1.0,,,121.94,1.0,,
62,Germany_Baseload#19#0#10000106,2021-10-14 06:19:03.517000,128.5,1.0,129.5,4.0,128.0,1.0,130.0,1.0,126.0,1.0,131.0,5.0,125.5,1.0,,,125.0,3.0,,,124.5,1.0,,,123.0,1.0,,,122.0,1.0,,,121.97,1.0,,,121.94,1.0,,
63,Germany_Baseload#19#0#10000106,2021-10-14 06:19:11.587000,128.5,1.0,129.5,4.0,128.0,1.0,130.0,1.0,126.0,1.0,131.0,5.0,125.5,1.0,,,125.0,3.0,,,124.5,1.0,,,123.0,1.0,,,122.0,1.0,,,121.97,1.0,,,121.94,1.0,,
64,Germany_Baseload#19#0#10000106,2021-10-14 06:19:21.615000,128.5,1.0,129.5,4.0,128.0,1.0,130.0,1.0,126.0,1.0,131.0,5.0,125.5,1.0,,,125.0,3.0,,,124.5,1.0,,,123.0,1.0,,,122.0,1.0,,,121.97,1.0,,,121.94,1.0,,
65,Germany_Baseload#19#0#10000106,2021-10-14 06:20:06.095000,128.5,1.0,129.5,4.0,128.0,1.0,130.0,1.0,126.0,1.0,131.0,5.0,125.5,1.0,,,125.0,3.0,,,124.5,1.0,,,123.0,1.0,,,122.0,1.0,,,121.97,1.0,,,121.94,1.0,,
66,Germany_Baseload#19#0#10000106,2021-10-14 06:20:15.871000,128.5,3.0,129.5,4.0,128.0,1.0,130.0,1.0,126.0,1.0,131.0,5.0,125.5,1.0,,,125.0,3.0,,,124.5,1.0,,,123.0,1.0,,,122.0,1.0,,,121.97,1.0,,,121.94,1.0,,
67,Germany_Baseload#19#0#10000106,2021-10-14 06:20:18.844000,129.0,2.0,129.4,4.0,128.5,3.0,129.5,5.0,128.0,1.0,129.53,1.0,126.0,1.0,129.56,1.0,125.5,1.0,130.0,2.0,125.0,3.0,131.0,5.0,124.5,1.0,,,123.0,1.0,,,122.0,1.0,,,121.97,1.0,,
68,Germany_Baseload#19#0#10000106,2021-10-14 06:20:18.847000,128.5,3.0,129.5,5.0,128.0,1.0,130.0,1.0,126.0,1.0,131.0,5.0,125.5,1.0,,,125.0,3.0,,,124.5,1.0,,,123.0,1.0,,,122.0,1.0,,,121.97,1.0,,,121.94,1.0,,
69,Germany_Baseload#19#0#10000106,2021-10-14 06:20:24.585000,128.5,3.0,129.4,5.0,128.0,1.0,129.5,4.0,126.0,1.0,130.0,1.0,125.5,1.0,131.0,5.0,125.0,3.0,,,124.5,1.0,,,123.0,1.0,,,122.0,1.0,,,121.97,1.0,,,121.94,1.0,,
70,Germany_Baseload#19#0#10000106,2021-10-14 06:20:27.824000,128.5,3.0,129.0,1.0,128.0,1.0,129.4,5.0,126.0,1.0,129.5,4.0,125.5,1.0,130.0,2.0,125.0,3.0,131.0,5.0,124.5,1.0,,,123.0,1.0,,,122.0,1.0,,,121.97,1.0,,,121.94,1.0,,
71,Germany_Baseload#19#0#10000106,2021-10-14 06:20:52.950000,128.5,3.0,129.0,1.0,128.0,1.0,129.4,5.0,126.0,1.0,129.5,4.0,125.5,1.0,130.0,2.0,125.0,3.0,131.0,5.0,124.5,1.0,,,123.0,1.0,,,122.0,1.0,,,121.97,1.0,,,121.94,1.0,,
72,Germany_Baseload#19#0#10000106,2021-10-14 06:20:55.784000,128.5,3.0,129.0,1.0,128.0,1.0,129.4,5.0,126.0,1.0,129.5,4.0,125.5,1.0,130.0,2.0,125.0,3.0,131.0,5.0,124.5,1.0,,,123.0,1.0,,,122.0,1.0,,,121.97,1.0,,,121.94,1.0,,
73,Germany_Baseload#19#0#10000106,2021-10-14 06:20:59.071000,128.5,3.0,129.4,5.0,128.0,1.0,129.5,4.0,126.0,1.0,130.0,2.0,125.5,1.0,131.0,5.0,125.0,3.0,,,124.5,1.0,,,123.0,1.0,,,122.0,1.0,,,121.97,1.0,,,121.94,1.0,,
74,Germany_Baseload#19#0#10000106,2021-10-14 06:21:39.170000,129.0,1.0,129.4,5.0,128.5,3.0,129.5,4.0,128.0,1.0,130.0,2.0,126.0,1.0,131.0,5.0,125.5,1.0,,,125.0,3.0,,,124.5,1.0,,,123.0,1.0,,,122.0,1.0,,,121.97,1.0,,
75,Germany_Baseload#19#0#10000106,2021-10-14 06:21:45.996000,129.0,1.0,129.4,5.0,128.5,3.0,129.5,5.0,128.0,1.0,130.0,2.0,126.0,1.0,131.0,5.0,125.5,1.0,,,125.0,3.0,,,124.5,1.0,,,123.0,1.0,,,122.0,1.0,,,121.97,1.0,,
76,Germany_Baseload#19#0#10000106,2021-10-14 06:21:46.028000,129.0,1.0,129.4,5.0,128.5,3.0,129.5,5.0,128.0,1.0,129.53,1.0,126.0,1.0,130.0,2.0,125.5,1.0,131.0,5.0,125.0,3.0,,,124.5,1.0,,,123.0,1.0,,,122.0,1.0,,,121.97,1.0,,
77,Germany_Baseload#19#0#10000106,2021-10-14 06:21:46.059000,129.0,1.0,129.4,5.0,128.5,3.0,129.5,5.0,128.0,1.0,129.53,1.0,126.0,1.0,129.56,1.0,125.5,1.0,130.0,2.0,125.0,3.0,131.0,5.0,124.5,1.0,,,123.0,1.0,,,122.0,1.0,,,121.97,1.0,,
78,Germany_Baseload#19#0#10000106,2021-10-14 06:21:58.877000,129.0,2.0,129.4,5.0,128.5,3.0,129.5,5.0,128.0,1.0,129.53,1.0,126.0,1.0,129.56,1.0,125.5,1.0,130.0,2.0,125.0,3.0,131.0,5.0,124.5,1.0,,,123.0,1.0,,,122.0,1.0,,,121.97,1.0,,
79,Germany_Baseload#19#0#10000106,2021-10-14 06:22:17.944000,129.0,2.0,129.5,5.0,128.5,3.0,129.53,1.0,128.0,1.0,129.56,1.0,126.0,1.0,130.0,2.0,125.5,1.0,131.0,5.0,125.0,3.0,,,124.5,1.0,,,123.0,1.0,,,122.0,1.0,,,121.97,1.0,,
80,Germany_Baseload#19#0#10000106,2021-10-14 06:22:21.992000,129.0,2.0,129.5,1.0,128.5,3.0,129.53,1.0,128.0,1.0,129.56,1.0,126.0,1.0,130.0,2.0,125.5,1.0,131.0,5.0,125.0,3.0,,,124.5,1.0,,,123.0,1.0,,,122.0,1.0,,,121.97,1.0,,
81,Germany_Baseload#19#0#10000106,2021-10-14 06:22:22.512000,129.0,2.0,129.53,1.0,128.5,3.0,129.56,1.0,128.0,1.0,130.0,2.0,126.0,1.0,131.0,5.0,125.5,1.0,,,125.0,3.0,,,124.5,1.0,,,123.0,1.0,,,122.0,1.0,,,121.97,1.0,,
82,Germany_Baseload#19#0#10000106,2021-10-14 06:22:22.550000,129.0,2.0,129.53,1.0,128.5,3.0,130.0,2.0,128.0,1.0,131.0,5.0,126.0,1.0,,,125.5,1.0,,,125.0,3.0,,,124.5,1.0,,,123.0,1.0,,,122.0,1.0,,,121.97,1.0,,
83,Germany_Baseload#19#0#10000106,2021-10-14 06:22:22.551000,129.0,2.0,130.0,2.0,128.5,3.0,131.0,5.0,128.0,1.0,,,126.0,1.0,,,125.5,1.0,,,125.0,3.0,,,124.5,1.0,,,123.0,1.0,,,122.0,1.0,,,121.97,1.0,,
84,Germany_Baseload#19#0#10000106,2021-10-14 06:22:43.670000,129.0,2.0,130.0,3.0,128.5,3.0,131.0,5.0,128.0,1.0,,,126.0,1.0,,,125.5,1.0,,,125.0,3.0,,,124.5,1.0,,,123.0,1.0,,,122.0,1.0,,,121.97,1.0,,
85,Germany_Baseload#19#0#10000106,2021-10-14 06:23:00.254000,129.0,2.0,130.0,2.0,128.5,3.0,131.0,5.0,128.0,1.0,,,126.0,1.0,,,125.5,1.0,,,125.0,3.0,,,124.5,1.0,,,123.0,1.0,,,122.0,1.0,,,121.97,1.0,,
86,Germany_Baseload#19#0#10000106,2021-10-14 06:23:04.623000,129.0,2.0,130.0,1.0,128.5,3.0,131.0,5.0,128.0,1.0,,,126.0,1.0,,,125.5,1.0,,,125.0,3.0,,,124.5,1.0,,,123.0,1.0,,,122.0,1.0,,,121.97,1.0,,
87,Germany_Baseload#19#0#10000106,2021-10-14 06:23:04.635000,129.0,2.0,130.0,2.0,128.5,3.0,131.0,5.0,128.0,1.0,,,126.0,1.0,,,125.5,1.0,,,125.0,3.0,,,124.5,1.0,,,123.0,1.0,,,122.0,1.0,,,121.97,1.0,,
88,Germany_Baseload#19#0#10000106,2021-10-14 06:23:04.924000,130.0,2.0,130.0,2.0,129.0,2.0,131.0,5.0,128.5,3.0,,,128.0,1.0,,,126.0,1.0,,,125.5,1.0,,,125.0,3.0,,,124.5,1.0,,,123.0,1.0,,,122.0,1.0,,
89,Germany_Baseload#19#0#10000106,2021-10-14 06:23:04.946000,130.0,1.0,130.0,2.0,129.0,2.0,131.0,5.0,128.5,3.0,,,128.0,1.0,,,126.0,1.0,,,125.5,1.0,,,125.0,3.0,,,124.5,1.0,,,123.0,1.0,,,122.0,1.0,,
90,Germany_Baseload#19#0#10000106,2021-10-14 06:23:05.047000,129.0,2.0,130.0,2.0,128.5,3.0,131.0,5.0,128.0,1.0,,,126.0,1.0,,,125.5,1.0,,,125.0,3.0,,,124.5,1.0,,,123.0,1.0,,,122.0,1.0,,,121.97,1.0,,
91,Germany_Baseload#19#0#10000106,2021-10-14 06:23:06.307000,129.0,2.0,130.0,1.0,128.5,3.0,131.0,5.0,128.0,1.0,,,126.0,1.0,,,125.5,1.0,,,125.0,3.0,,,124.5,1.0,,,123.0,1.0,,,122.0,1.0,,,121.97,1.0,,
92,Germany_Baseload#19#0#10000106,2021-10-14 06:23:06.325000,129.0,2.0,130.0,2.0,128.5,3.0,131.0,5.0,128.0,1.0,,,126.0,1.0,,,125.5,1.0,,,125.0,3.0,,,124.5,1.0,,,123.0,1.0,,,122.0,1.0,,,121.97,1.0,,
93,Germany_Baseload#19#0#10000106,2021-10-14 06:23:06.466000,130.0,1.0,130.0,1.0,129.0,2.0,131.0,5.0,128.5,3.0,,,128.0,1.0,,,126.0,1.0,,,125.5,1.0,,,125.0,3.0,,,124.5,1.0,,,123.0,1.0,,,122.0,1.0,,
94,Germany_Baseload#19#0#10000106,2021-10-14 06:23:06.475000,130.0,1.0,130.0,2.0,129.0,2.0,131.0,5.0,128.5,3.0,,,128.0,1.0,,,126.0,1.0,,,125.5,1.0,,,125.0,3.0,,,124.5,1.0,,,123.0,1.0,,,122.0,1.0,,
95,Germany_Baseload#19#0#10000106,2021-10-14 06:23:06.549000,129.0,2.0,130.0,1.0,128.5,3.0,131.0,5.0,128.0,1.0,,,126.0,1.0,,,125.5,1.0,,,125.0,3.0,,,124.5,1.0,,,123.0,1.0,,,122.0,1.0,,,121.97,1.0,,
96,Germany_Baseload#19#0#10000106,2021-10-14 06:23:08.831000,129.0,2.0,131.0,5.0,128.5,3.0,,,128.0,1.0,,,126.0,1.0,,,125.5,1.0,,,125.0,3.0,,,124.5,1.0,,,123.0,1.0,,,122.0,1.0,,,121.97,1.0,,
97,Germany_Baseload#19#0#10000106,2021-10-14 06:23:08.853000,129.0,2.0,130.0,1.0,128.5,3.0,131.0,5.0,128.0,1.0,,,126.0,1.0,,,125.5,1.0,,,125.0,3.0,,,124.5,1.0,,,123.0,1.0,,,122.0,1.0,,,121.97,1.0,,
98,Germany_Baseload#19#0#10000106,2021-10-14 06:23:09.128000,129.0,2.0,130.0,1.0,128.5,3.0,131.0,1.0,128.0,1.0,,,126.0,1.0,,,125.5,1.0,,,125.0,3.0,,,124.5,1.0,,,123.0,1.0,,,122.0,1.0,,,121.97,1.0,,
99,Germany_Baseload#19#0#10000106,2021-10-14 06:23:09.161000,129.0,2.0,130.0,1.0,128.5,3.0,131.0,1.0,128.0,1.0,,,126.0,1.0,,,125.5,1.0,,,125.0,3.0,,,124.5,1.0,,,123.0,1.0,,,122.0,1.0,,,121.97,1.0,,
100,Germany_Baseload#19#0#10000106,2021-10-14 06:23:11.368000,129.0,2.0,130.0,1.0,128.5,3.0,131.0,1.0,128.0,1.0,,,126.0,1.0,,,125.5,1.0,,,125.0,3.0,,,124.5,1.0,,,123.0,1.0,,,122.0,1.0,,,121.97,1.0,,
101,Germany_Baseload#19#0#10000106,2021-10-14 06:23:11.430000,129.0,2.0,130.0,1.0,128.5,3.0,131.0,2.0,128.0,1.0,,,126.0,1.0,,,125.5,1.0,,,125.0,3.0,,,124.5,1.0,,,123.0,1.0,,,122.0,1.0,,,121.97,1.0,,
102,Germany_Baseload#19#0#10000106,2021-10-14 06:23:12.289000,129.0,1.0,130.0,1.0,128.5,3.0,131.0,2.0,128.0,1.0,,,126.0,1.0,,,125.5,1.0,,,125.0,3.0,,,124.5,1.0,,,123.0,1.0,,,122.0,1.0,,,121.97,1.0,,
103,Germany_Baseload#19#0#10000106,2021-10-14 06:23:14.522000,129.0,1.0,130.0,1.0,128.5,3.0,131.0,2.0,128.0,1.0,134.1,1.0,126.0,1.0,,,125.5,1.0,,,125.0,3.0,,,124.5,1.0,,,123.0,1.0,,,122.0,1.0,,,121.97,1.0,,
104,Germany_Baseload#19#0#10000106,2021-10-14 06:23:14.643000,129.0,1.0,130.0,1.0,128.5,3.0,131.0,2.0,128.0,1.0,134.1,2.0,126.0,1.0,,,125.5,1.0,,,125.0,3.0,,,124.5,1.0,,,123.0,1.0,,,122.0,1.0,,,121.97,1.0,,
105,Germany_Baseload#19#0#10000106,2021-10-14 06:23:14.889000,129.0,1.0,131.0,5.0,128.5,3.0,134.1,2.0,128.0,1.0,,,126.0,1.0,,,125.5,1.0,,,125.0,3.0,,,124.5,1.0,,,123.0,1.0,,,122.0,1.0,,,121.97,1.0,,
106,Germany_Baseload#19#0#10000106,2021-10-14 06:23:14.907000,129.0,1.0,130.0,1.0,128.5,3.0,131.0,5.0,128.0,1.0,134.1,2.0,126.0,1.0,,,125.5,1.0,,,125.0,3.0,,,124.5,1.0,,,123.0,1.0,,,122.0,1.0,,,121.97,1.0,,
107,Germany_Baseload#19#0#10000106,2021-10-14 06:23:16.007000,128.5,3.0,130.0,1.0,128.0,1.0,131.0,5.0,126.0,1.0,134.1,2.0,125.5,1.0,,,125.0,3.0,,,124.5,1.0,,,123.0,1.0,,,122.0,1.0,,,121.97,1.0,,,121.94,1.0,,
108,Germany_Baseload#19#0#10000106,2021-10-14 06:23:16.724000,128.5,3.0,131.0,5.0,128.0,1.0,134.1,2.0,126.0,1.0,,,125.5,1.0,,,125.0,3.0,,,124.5,1.0,,,123.0,1.0,,,122.0,1.0,,,121.97,1.0,,,121.94,1.0,,
109,Germany_Baseload#19#0#10000106,2021-10-14 06:23:16.738000,128.5,3.0,130.0,1.0,128.0,1.0,131.0,5.0,126.0,1.0,134.1,2.0,125.5,1.0,,,125.0,3.0,,,124.5,1.0,,,123.0,1.0,,,122.0,1.0,,,121.97,1.0,,,121.94,1.0,,
110,Germany_Baseload#19#0#10000106,2021-10-14 06:23:19.757000,128.5,3.0,131.0,5.0,128.0,1.0,134.1,2.0,126.0,1.0,,,125.5,1.0,,,125.0,3.0,,,124.5,1.0,,,123.0,1.0,,,122.0,1.0,,,121.97,1.0,,,121.94,1.0,,
111,Germany_Baseload#19#0#10000106,2021-10-14 06:23:19.777000,128.5,3.0,130.0,1.0,128.0,1.0,131.0,5.0,126.0,1.0,134.1,2.0,125.5,1.0,,,125.0,3.0,,,124.5,1.0,,,123.0,1.0,,,122.0,1.0,,,121.97,1.0,,,121.94,1.0,,
112,Germany_Baseload#19#0#10000106,2021-10-14 06:23:21.473000,128.5,3.0,130.0,1.0,126.0,1.0,131.0,5.0,125.5,1.0,134.1,2.0,125.0,3.0,,,124.5,1.0,,,123.0,1.0,,,122.0,1.0,,,121.97,1.0,,,121.94,1.0,,,52.0,1.0,,
113,Germany_Baseload#19#0#10000106,2021-10-14 06:23:25.997000,128.5,3.0,130.0,1.0,126.0,1.0,131.0,5.0,125.5,1.0,134.1,2.0,125.0,3.0,,,124.5,1.0,,,123.0,1.0,,,122.0,1.0,,,121.97,1.0,,,121.94,1.0,,,52.0,1.0,,
114,Germany_Baseload#19#0#10000106,2021-10-14 06:23:26.470000,128.5,3.0,130.0,1.0,125.5,1.0,131.0,5.0,125.0,3.0,134.1,2.0,124.5,1.0,,,123.0,1.0,,,122.0,1.0,,,121.97,1.0,,,121.94,1.0,,,52.0,1.0,,,48.0,3.0,,
115,Germany_Baseload#19#0#10000106,2021-10-14 06:23:36.469000,128.5,3.0,130.25,1.0,125.5,1.0,131.0,5.0,125.0,3.0,134.1,2.0,124.5,1.0,,,123.0,1.0,,,122.0,1.0,,,121.97,1.0,,,121.94,1.0,,,52.0,1.0,,,48.0,3.0,,
116,Germany_Baseload#19#0#10000106,2021-10-14 06:23:40.745000,128.5,3.0,130.25,1.0,125.5,1.0,130.75,5.0,125.0,3.0,131.0,5.0,124.5,1.0,134.1,2.0,123.0,1.0,,,122.0,1.0,,,121.97,1.0,,,121.94,1.0,,,52.0,1.0,,,48.0,3.0,,
117,Germany_Baseload#19#0#10000106,2021-10-14 06:24:08.214000,128.5,3.0,130.25,1.0,125.5,1.0,130.75,5.0,125.0,3.0,131.0,5.0,124.5,1.0,134.1,2.0,123.0,1.0,,,122.0,1.0,,,121.97,1.0,,,121.94,1.0,,,52.0,1.0,,,48.0,3.0,,
118,Germany_Baseload#19#0#10000106,2021-10-14 06:24:28.756000,128.5,3.0,130.25,1.0,125.5,1.0,130.75,5.0,125.0,3.0,131.0,5.0,124.5,1.0,131.89,1.0,123.0,1.0,134.1,2.0,122.0,1.0,,,121.97,1.0,,,121.94,1.0,,,52.0,1.0,,,48.0,3.0,,
119,Germany_Baseload#19#0#10000106,2021-10-14 06:24:39.411000,128.5,3.0,130.25,1.0,126.0,1.0,130.75,5.0,125.5,1.0,131.0,5.0,125.0,3.0,131.89,1.0,124.5,1.0,134.1,2.0,123.0,1.0,,,122.0,1.0,,,121.97,1.0,,,121.94,1.0,,,52.0,1.0,,
120,Germany_Baseload#19#0#10000106,2021-10-14 06:25:06.035000,128.5,3.0,130.25,1.0,126.0,1.0,130.5,1.0,125.5,1.0,130.75,5.0,125.0,3.0,131.0,5.0,124.5,1.0,131.89,1.0,123.0,1.0,134.1,2.0,122.0,1.0,,,121.97,1.0,,,121.94,1.0,,,52.0,1.0,,
121,Germany_Baseload#19#0#10000106,2021-10-14 06:25:06.036000,128.5,3.0,130.25,1.0,126.0,1.0,130.5,1.0,125.5,1.0,130.75,5.0,125.0,3.0,131.0,1.0,124.5,1.0,131.89,1.0,123.0,1.0,134.1,2.0,122.0,1.0,,,121.97,1.0,,,121.94,1.0,,,52.0,1.0,,
122,Germany_Baseload#19#0#10000106,2021-10-14 06:25:09.227000,128.75,1.0,130.25,1.0,128.5,3.0,130.5,1.0,126.0,1.0,130.75,5.0,125.5,1.0,131.0,1.0,125.0,2.0,131.89,1.0,124.5,1.0,134.1,2.0,123.0,1.0,,,122.0,1.0,,,121.97,1.0,,,121.94,1.0,,
123,Germany_Baseload#19#0#10000106,2021-10-14 06:25:10.780000,128.75,1.0,130.25,1.0,128.5,3.0,130.75,5.0,126.0,1.0,131.0,1.0,125.5,1.0,131.89,1.0,125.0,2.0,134.1,2.0,124.5,1.0,,,123.0,1.0,,,122.0,1.0,,,121.97,1.0,,,121.94,1.0,,
124,Germany_Baseload#19#0#10000106,2021-10-14 06:25:11.964000,128.75,1.0,130.25,1.0,128.5,3.0,130.74,1.0,126.0,1.0,130.75,5.0,125.5,1.0,131.0,1.0,125.0,2.0,131.89,1.0,124.5,1.0,134.1,2.0,123.0,1.0,,,122.0,1.0,,,121.97,1.0,,,121.94,1.0,,
125,Germany_Baseload#19#0#10000106,2021-10-14 06:25:19.096000,128.75,1.0,130.74,1.0,128.5,3.0,130.75,5.0,126.0,1.0,131.0,1.0,125.5,1.0,131.89,1.0,125.0,2.0,134.1,2.0,124.5,1.0,,,123.0,1.0,,,122.0,1.0,,,121.97,1.0,,,121.94,1.0,,
126,Germany_Baseload#19#0#10000106,2021-10-14 06:25:19.883000,128.75,1.0,130.74,1.0,128.5,3.0,130.75,5.0,126.0,1.0,131.0,1.0,125.5,1.0,131.89,1.0,125.0,2.0,134.1,2.0,124.5,1.0,,,123.0,1.0,,,122.0,1.0,,,121.97,1.0,,,121.94,1.0,,
127,Germany_Baseload#19#0#10000106,2021-10-14 06:26:02.353000,128.75,1.0,130.75,5.0,128.5,3.0,131.0,1.0,126.0,1.0,131.89,1.0,125.5,1.0,134.1,2.0,125.0,2.0,,,124.5,1.0,,,123.0,1.0,,,122.0,1.0,,,121.97,1.0,,,121.94,1.0,,
128,Germany_Baseload#19#0#10000106,2021-10-14 06:26:03.411000,129.0,3.0,130.75,5.0,128.75,1.0,131.0,1.0,126.0,1.0,131.89,1.0,125.5,1.0,134.1,2.0,125.0,2.0,,,124.5,1.0,,,123.0,1.0,,,122.0,1.0,,,121.97,1.0,,,121.94,1.0,,
129,Germany_Baseload#19#0#10000106,2021-10-14 06:26:10.709000,129.0,3.0,130.75,5.0,128.75,1.0,131.0,2.0,126.0,1.0,131.89,1.0,125.5,1.0,134.1,2.0,125.0,2.0,,,124.5,1.0,,,123.0,1.0,,,122.0,1.0,,,121.97,1.0,,,121.94,1.0,,
130,Germany_Baseload#19#0#10000106,2021-10-14 06:26:29.424000,129.0,3.0,130.5,1.0,128.75,1.0,130.75,5.0,126.0,1.0,131.0,2.0,125.5,1.0,131.89,1.0,125.0,2.0,134.1,2.0,124.5,1.0,,,123.0,1.0,,,122.0,1.0,,,121.97,1.0,,,121.94,1.0,,
131,Germany_Baseload#19#0#10000106,2021-10-14 06:26:35.549000,129.0,3.0,130.25,1.0,128.75,1.0,130.5,1.0,126.0,1.0,130.75,5.0,125.5,1.0,131.0,1.0,125.0,2.0,131.89,1.0,124.5,1.0,134.1,2.0,123.0,1.0,,,122.0,1.0,,,121.97,1.0,,,121.94,1.0,,
132,Germany_Baseload#19#0#10000106,2021-10-14 06:26:54.042000,129.0,3.0,130.5,1.0,128.75,1.0,130.75,5.0,126.0,1.0,131.0,1.0,125.5,1.0,131.89,1.0,125.0,2.0,134.1,2.0,124.5,1.0,,,123.0,1.0,,,122.0,1.0,,,121.97,1.0,,,121.94,1.0,,
133,Germany_Baseload#19#0#10000106,2021-10-14 06:26:57.320000,129.0,3.0,130.5,2.0,128.75,1.0,130.75,5.0,126.0,1.0,131.0,1.0,125.5,1.0,131.89,1.0,125.0,2.0,134.1,2.0,124.5,1.0,,,123.0,1.0,,,122.0,1.0,,,121.97,1.0,,,121.94,1.0,,
134,Germany_Baseload#19#0#10000106,2021-10-14 06:27:12.405000,129.5,1.0,130.5,3.0,129.47,2.0,130.75,5.0,129.0,3.0,131.0,1.0,128.75,1.0,131.89,1.0,126.0,1.0,134.1,2.0,125.5,1.0,,,125.0,2.0,,,124.5,1.0,,,123.0,1.0,,,122.0,1.0,,
135,Germany_Baseload#19#0#10000106,2021-10-14 06:27:12.519000,129.5,1.0,130.5,2.0,129.0,3.0,130.75,5.0,128.75,1.0,131.0,1.0,126.0,1.0,131.89,1.0,125.5,1.0,134.1,2.0,125.0,2.0,,,124.5,1.0,,,123.0,1.0,,,122.0,1.0,,,121.97,1.0,,
136,Germany_Baseload#19#0#10000106,2021-10-14 06:27:12.551000,129.5,1.0,130.5,2.0,129.47,1.0,130.75,5.0,129.0,3.0,131.0,1.0,128.75,1.0,131.89,1.0,126.0,1.0,134.1,2.0,125.5,1.0,,,125.0,2.0,,,124.5,1.0,,,123.0,1.0,,,122.0,1.0,,
137,Germany_Baseload#19#0#10000106,2021-10-14 06:27:12.562000,129.5,1.0,130.5,2.0,129.0,3.0,130.75,5.0,128.75,1.0,131.0,1.0,126.0,1.0,131.89,1.0,125.5,1.0,134.1,2.0,125.0,2.0,,,124.5,1.0,,,123.0,1.0,,,122.0,1.0,,,121.97,1.0,,
138,Germany_Baseload#19#0#10000106,2021-10-14 06:27:12.566000,129.5,1.0,130.5,2.0,129.47,2.0,130.75,5.0,129.0,3.0,131.0,1.0,128.75,1.0,131.89,1.0,126.0,1.0,134.1,2.0,125.5,1.0,,,125.0,2.0,,,124.5,1.0,,,123.0,1.0,,,122.0,1.0,,
139,Germany_Baseload#19#0#10000106,2021-10-14 06:27:12.586000,129.5,1.0,130.5,2.0,129.47,2.0,130.75,5.0,129.0,3.0,131.0,1.0,128.75,1.0,131.89,1.0,126.0,1.0,134.1,2.0,125.5,1.0,,,125.0,2.0,,,124.5,1.0,,,123.0,1.0,,,122.0,1.0,,
140,Germany_Baseload#19#0#10000106,2021-10-14 06:27:39.356000,129.47,2.0,130.5,3.0,129.0,3.0,130.75,5.0,128.75,1.0,131.0,1.0,126.0,1.0,131.89,1.0,125.5,1.0,134.1,2.0,125.0,2.0,,,124.5,1.0,,,123.0,1.0,,,122.0,1.0,,,52.0,1.0,,
141,Germany_Baseload#19#0#10000106,2021-10-14 06:27:39.397000,129.47,1.0,130.5,3.0,129.0,3.0,130.75,5.0,128.75,1.0,131.0,1.0,126.0,1.0,131.89,1.0,125.5,1.0,134.1,2.0,125.0,2.0,,,124.5,1.0,,,123.0,1.0,,,122.0,1.0,,,52.0,1.0,,
142,Germany_Baseload#19#0#10000106,2021-10-14 06:27:39.399000,129.0,3.0,130.5,3.0,128.75,1.0,130.75,5.0,126.0,1.0,131.0,1.0,125.5,1.0,131.89,1.0,125.0,2.0,134.1,2.0,124.5,1.0,,,123.0,1.0,,,122.0,1.0,,,52.0,1.0,,,48.0,3.0,,
143,Germany_Baseload#19#0#10000106,2021-10-14 06:27:39.402000,129.0,3.0,130.5,3.0,128.75,1.0,130.75,5.0,126.0,1.0,131.0,1.0,125.5,1.0,131.89,1.0,125.0,2.0,134.1,2.0,124.5,1.0,,,123.0,1.0,,,122.0,1.0,,,121.97,1.0,,,52.0,1.0,,
144,Germany_Baseload#19#0#10000106,2021-10-14 06:27:39.434000,129.0,3.0,130.5,3.0,128.75,1.0,130.75,5.0,126.0,1.0,131.0,1.0,125.5,1.0,131.89,1.0,125.0,2.0,134.1,2.0,124.5,1.0,,,123.0,1.0,,,122.0,1.0,,,121.97,1.0,,,121.94,1.0,,
145,Germany_Baseload#19#0#10000106,2021-10-14 06:27:45.650000,129.0,3.0,130.25,1.0,128.75,1.0,130.5,2.0,126.0,1.0,130.75,5.0,125.5,1.0,131.0,1.0,125.0,2.0,131.89,1.0,124.5,1.0,134.1,2.0,123.0,1.0,,,122.0,1.0,,,121.97,1.0,,,121.94,1.0,,
146,Germany_Baseload#19#0#10000106,2021-10-14 06:27:50.134000,129.0,3.0,130.25,2.0,128.75,1.0,130.5,2.0,126.0,1.0,130.75,5.0,125.5,1.0,131.0,1.0,125.0,2.0,131.89,1.0,124.5,1.0,134.1,2.0,123.0,1.0,,,122.0,1.0,,,121.97,1.0,,,121.94,1.0,,
147,Germany_Baseload#19#0#10000106,2021-10-14 06:28:48.032000,129.0,3.0,130.0,1.0,128.75,1.0,130.25,2.0,126.9,1.0,130.5,2.0,126.0,1.0,130.75,5.0,125.5,1.0,131.0,1.0,125.0,2.0,131.89,1.0,124.5,1.0,134.1,2.0,123.0,1.0,,,122.0,1.0,,,121.97,1.0,,
148,Germany_Baseload#19#0#10000106,2021-10-14 06:28:57.578000,129.0,3.0,130.0,2.0,128.75,1.0,130.25,2.0,126.85,1.0,130.5,2.0,126.0,1.0,130.75,5.0,125.5,1.0,131.0,1.0,125.0,2.0,131.89,1.0,124.5,1.0,134.1,2.0,123.0,1.0,,,122.0,1.0,,,121.97,1.0,,
149,Germany_Baseload#19#0#10000106,2021-10-14 06:28:57.579000,129.0,3.0,130.0,2.0,128.75,1.0,130.25,2.0,126.85,1.0,130.5,2.0,126.0,1.0,130.75,5.0,125.5,1.0,131.0,1.0,125.0,2.0,131.89,1.0,124.5,1.0,134.1,2.0,123.0,1.0,,,122.0,1.0,,,121.97,1.0,,
150,Germany_Baseload#19#0#10000106,2021-10-14 06:28:58.049000,129.0,3.0,130.0,2.0,128.75,1.0,130.25,2.0,126.9,1.0,130.5,2.0,126.0,1.0,130.75,5.0,125.5,1.0,131.0,1.0,125.0,2.0,131.89,1.0,124.5,1.0,134.1,2.0,123.0,1.0,,,122.0,1.0,,,121.97,1.0,,
151,Germany_Baseload#19#0#10000106,2021-10-14 06:29:03.090000,129.0,3.0,130.0,2.0,128.75,1.0,130.25,2.0,126.0,1.0,130.5,2.0,125.5,1.0,130.75,5.0,125.0,2.0,131.0,1.0,124.5,1.0,131.89,1.0,123.0,1.0,134.1,2.0,122.0,1.0,,,121.97,1.0,,,121.94,1.0,,
152,Germany_Baseload#19#0#10000106,2021-10-14 06:29:03.092000,129.0,3.0,130.0,2.0,128.75,1.0,130.25,2.0,126.0,1.0,130.5,2.0,125.5,1.0,130.75,5.0,125.0,2.0,131.0,1.0,124.5,1.0,131.89,1.0,123.0,1.0,134.1,2.0,122.0,1.0,,,121.97,1.0,,,121.94,1.0,,
153,Germany_Baseload#19#0#10000106,2021-10-14 06:29:12.359000,129.0,3.0,130.0,2.0,128.75,1.0,130.25,2.0,126.9,1.0,130.5,2.0,126.0,1.0,130.75,5.0,125.5,1.0,131.0,1.0,125.0,2.0,131.89,1.0,124.5,1.0,134.1,2.0,123.0,1.0,,,122.0,1.0,,,121.97,1.0,,
154,Germany_Baseload#19#0#10000106,2021-10-14 06:29:12.360000,129.0,3.0,130.0,2.0,128.75,1.0,130.25,2.0,126.9,1.0,130.5,2.0,126.0,1.0,130.75,5.0,125.5,1.0,131.0,1.0,125.0,2.0,131.89,1.0,124.5,1.0,134.1,2.0,123.0,1.0,,,122.0,1.0,,,121.97,1.0,,
155,Germany_Baseload#19#0#10000106,2021-10-14 06:29:28.436000,129.0,3.0,130.0,1.0,128.75,1.0,130.25,2.0,127.0,1.0,130.5,2.0,126.0,1.0,130.75,5.0,125.5,1.0,131.0,1.0,125.0,2.0,131.89,1.0,124.5,1.0,134.1,2.0,123.0,1.0,,,122.0,1.0,,,121.97,1.0,,
156,Germany_Baseload#19#0#10000106,2021-10-14 06:29:37.571000,129.0,1.0,130.0,1.0,128.75,1.0,130.25,2.0,127.0,1.0,130.5,2.0,126.0,1.0,130.75,5.0,125.5,1.0,131.0,1.0,125.0,2.0,131.89,1.0,124.5,1.0,134.1,2.0,123.0,1.0,,,122.0,1.0,,,121.97,1.0,,
157,Germany_Baseload#19#0#10000106,2021-10-14 06:29:38.529000,129.0,1.0,130.0,2.0,128.75,1.0,130.25,2.0,127.0,1.0,130.5,2.0,126.0,1.0,130.75,5.0,125.5,1.0,131.0,1.0,125.0,2.0,131.89,1.0,124.5,1.0,134.1,2.0,123.0,1.0,,,122.0,1.0,,,121.97,1.0,,
158,Germany_Baseload#19#0#10000106,2021-10-14 06:29:57.473000,129.0,1.0,130.0,3.0,128.75,1.0,130.25,2.0,127.0,1.0,130.5,2.0,126.0,1.0,130.75,5.0,125.5,1.0,131.0,1.0,125.0,2.0,131.89,1.0,124.5,1.0,134.1,2.0,123.0,1.0,,,122.0,1.0,,,121.97,1.0,,
159,Germany_Baseload#19#0#10000106,2021-10-14 06:29:59.107000,129.0,1.0,130.0,3.0,128.75,1.0,130.25,2.0,127.0,1.0,130.5,2.0,126.0,1.0,130.75,5.0,125.0,2.0,131.0,1.0,124.5,1.0,131.89,1.0,123.0,1.0,134.1,2.0,122.0,1.0,,,121.97,1.0,,,121.94,1.0,,
160,Germany_Baseload#19#0#10000106,2021-10-14 06:30:09.866000,129.0,1.0,130.0,4.0,128.75,1.0,130.25,2.0,127.0,1.0,130.5,1.0,126.0,1.0,130.75,5.0,125.0,2.0,131.0,1.0,124.5,1.0,131.89,1.0,123.0,1.0,134.1,2.0,122.0,1.0,,,121.97,1.0,,,121.94,1.0,,
161,Germany_Baseload#19#0#10000106,2021-10-14 06:30:45.307000,129.0,3.0,130.0,4.0,128.75,1.0,130.25,2.0,127.0,2.0,130.5,1.0,126.0,1.0,130.75,5.0,125.0,2.0,131.0,1.0,124.5,1.0,131.89,1.0,123.0,1.0,134.1,2.0,122.0,1.0,,,121.97,1.0,,,121.94,1.0,,
162,Germany_Baseload#19#0#10000106,2021-10-14 06:31:13.076000,129.0,3.0,130.0,5.0,128.75,1.0,130.25,2.0,127.0,2.0,130.5,1.0,126.0,1.0,130.75,5.0,125.0,2.0,131.0,1.0,124.5,1.0,131.89,1.0,123.0,1.0,134.1,2.0,122.0,1.0,,,121.97,1.0,,,121.94,1.0,,
163,Germany_Baseload#19#0#10000106,2021-10-14 06:31:48.535000,129.0,3.0,130.0,5.0,127.0,2.0,130.25,2.0,126.0,1.0,130.5,1.0,125.0,2.0,130.75,5.0,124.5,1.0,131.0,1.0,123.0,1.0,131.89,1.0,122.0,1.0,134.1,2.0,121.97,1.0,,,121.94,1.0,,,52.0,1.0,,
164,Germany_Baseload#19#0#10000106,2021-10-14 06:32:14.227000,129.0,3.0,130.0,6.0,127.0,2.0,130.25,2.0,126.0,1.0,130.5,1.0,125.0,2.0,130.75,5.0,124.5,1.0,131.0,1.0,123.0,1.0,131.89,1.0,122.0,1.0,134.1,2.0,121.97,1.0,,,121.94,1.0,,,52.0,1.0,,
165,Germany_Baseload#19#0#10000106,2021-10-14 06:32:22.534000,129.0,3.0,130.0,6.0,127.0,2.0,130.25,2.0,126.0,1.0,130.5,1.0,125.0,2.0,130.75,5.0,124.5,1.0,131.0,1.0,123.0,1.0,131.89,1.0,122.0,1.0,134.1,2.0,121.97,1.0,137.0,1.0,121.94,1.0,,,52.0,1.0,,
166,Germany_Baseload#19#0#10000106,2021-10-14 06:32:40.067000,129.0,3.0,130.0,1.0,127.0,2.0,130.25,1.0,126.0,1.0,130.5,1.0,125.0,2.0,130.75,5.0,124.5,1.0,131.0,1.0,123.0,1.0,131.89,1.0,122.0,1.0,134.1,2.0,121.97,1.0,137.0,1.0,121.94,1.0,,,52.0,1.0,,
167,Germany_Baseload#19#0#10000106,2021-10-14 06:32:42.423000,129.0,3.0,130.0,4.0,127.0,2.0,130.25,1.0,126.0,1.0,130.5,1.0,125.0,2.0,130.75,5.0,124.5,1.0,131.0,1.0,123.0,1.0,131.89,1.0,122.0,1.0,134.1,2.0,121.97,1.0,137.0,1.0,121.94,1.0,,,52.0,1.0,,
168,Germany_Baseload#19#0#10000106,2021-10-14 06:32:48.999000,129.0,3.0,129.99,1.0,127.0,2.0,130.0,4.0,126.0,1.0,130.25,1.0,125.0,2.0,130.5,1.0,124.5,1.0,130.75,5.0,123.0,1.0,131.0,1.0,122.0,1.0,131.89,1.0,121.97,1.0,134.1,2.0,121.94,1.0,137.0,1.0,52.0,1.0,,
169,Germany_Baseload#19#0#10000106,2021-10-14 06:32:51.284000,129.0,3.0,129.99,1.0,127.0,1.0,130.0,4.0,126.0,1.0,130.25,1.0,125.0,2.0,130.5,1.0,124.5,1.0,130.75,5.0,123.0,1.0,131.0,1.0,122.0,1.0,131.89,1.0,121.97,1.0,134.1,2.0,121.94,1.0,137.0,1.0,52.0,1.0,,
170,Germany_Baseload#19#0#10000106,2021-10-14 06:32:55.737000,128.0,3.0,129.99,1.0,127.0,1.0,130.0,4.0,126.0,1.0,130.25,1.0,125.0,2.0,130.5,1.0,124.5,1.0,130.75,5.0,123.0,1.0,131.0,1.0,122.0,1.0,131.89,1.0,121.97,1.0,134.1,2.0,121.94,1.0,137.0,1.0,52.0,1.0,,
171,Germany_Baseload#19#0#10000106,2021-10-14 06:33:48.924000,129.0,1.0,129.99,1.0,128.0,3.0,130.0,4.0,127.0,1.0,130.25,1.0,126.0,1.0,130.5,1.0,125.0,2.0,130.75,5.0,124.5,1.0,131.0,1.0,123.0,1.0,131.89,1.0,122.0,1.0,134.1,2.0,121.97,1.0,137.0,1.0,121.94,1.0,,
172,Germany_Baseload#19#0#10000106,2021-10-14 06:34:55.332000,129.0,1.0,129.99,1.0,128.0,3.0,130.0,2.0,127.0,1.0,130.25,1.0,126.0,1.0,130.5,1.0,125.0,2.0,130.75,5.0,124.5,1.0,131.0,1.0,123.0,1.0,131.89,1.0,122.0,1.0,134.1,2.0,121.97,1.0,137.0,1.0,121.94,1.0,,
173,Germany_Baseload#19#0#10000106,2021-10-14 06:35:04.850000,129.0,1.0,129.99,1.0,128.0,3.0,130.0,3.0,127.0,1.0,130.25,1.0,126.0,1.0,130.5,1.0,125.0,2.0,130.75,5.0,124.5,1.0,131.0,1.0,123.0,1.0,131.89,1.0,122.0,1.0,134.1,2.0,121.97,1.0,137.0,1.0,121.94,1.0,,
174,Germany_Baseload#19#0#10000106,2021-10-14 06:35:08.493000,129.0,1.0,129.99,1.0,128.0,3.0,130.0,3.0,127.0,1.0,130.25,1.0,126.0,1.0,130.5,1.0,125.0,2.0,130.75,5.0,124.5,1.0,131.0,1.0,123.0,1.0,131.89,1.0,122.0,1.0,134.1,2.0,121.97,1.0,137.0,1.0,121.94,1.0,,
175,Germany_Baseload#19#0#10000106,2021-10-14 06:35:08.509000,129.0,1.0,129.75,1.0,128.0,3.0,129.99,1.0,127.0,1.0,130.0,3.0,126.0,1.0,130.25,1.0,125.0,2.0,130.5,1.0,124.5,1.0,130.75,5.0,123.0,1.0,131.0,1.0,122.0,1.0,131.89,1.0,121.97,1.0,134.1,2.0,121.94,1.0,137.0,1.0
176,Germany_Baseload#19#0#10000106,2021-10-14 06:35:37.171000,129.0,1.0,129.75,1.0,128.0,3.0,129.99,1.0,127.0,1.0,130.0,3.0,126.75,1.0,130.25,1.0,126.0,1.0,130.5,1.0,125.0,2.0,130.75,5.0,124.5,1.0,131.0,1.0,123.0,1.0,131.89,1.0,122.0,1.0,134.1,2.0,121.97,1.0,137.0,1.0
177,Germany_Baseload#19#0#10000106,2021-10-14 06:36:23.499000,129.0,1.0,129.75,1.0,128.0,3.0,129.99,1.0,127.1,1.0,130.0,3.0,127.0,1.0,130.25,1.0,126.75,1.0,130.5,1.0,126.0,1.0,130.75,5.0,125.0,2.0,131.0,1.0,124.5,1.0,131.89,1.0,123.0,1.0,134.1,2.0,122.0,1.0,137.0,1.0
178,Germany_Baseload#19#0#10000106,2021-10-14 06:38:26.977000,129.0,1.0,129.75,1.0,128.0,3.0,129.99,1.0,127.1,1.0,130.0,3.0,127.0,1.0,130.25,1.0,126.75,1.0,130.5,1.0,126.0,1.0,130.75,5.0,125.0,2.0,131.0,1.0,124.5,1.0,131.89,1.0,123.0,1.0,134.1,2.0,122.0,1.0,137.0,1.0
179,Germany_Baseload#19#0#10000106,2021-10-14 06:38:31.562000,129.0,1.0,129.75,1.0,128.0,3.0,129.99,1.0,127.1,1.0,130.0,3.0,127.0,1.0,130.25,1.0,126.75,1.0,130.5,1.0,126.0,1.0,130.75,5.0,125.0,2.0,131.0,1.0,124.5,1.0,131.89,1.0,123.0,1.0,134.1,2.0,122.0,1.0,134.2,5.0
180,Germany_Baseload#19#0#10000106,2021-10-14 06:38:46.824000,129.0,1.0,129.75,1.0,128.0,3.0,129.99,1.0,127.1,1.0,130.0,3.0,127.0,1.0,130.25,1.0,126.75,1.0,130.5,1.0,126.0,1.0,130.75,5.0,125.0,2.0,131.0,1.0,124.5,1.0,131.89,1.0,123.0,1.0,134.1,2.0,122.0,1.0,137.0,1.0
181,Germany_Baseload#19#0#10000106,2021-10-14 06:38:47.024000,129.0,1.0,129.75,1.0,128.0,3.0,129.99,1.0,127.1,1.0,130.0,3.0,127.0,1.0,130.25,1.0,126.75,1.0,130.5,1.0,126.0,1.0,130.75,5.0,125.0,2.0,131.0,1.0,124.5,1.0,131.89,1.0,123.0,1.0,134.1,2.0,122.0,1.0,134.2,5.0
182,Germany_Baseload#19#0#10000106,2021-10-14 06:38:55.911000,129.0,1.0,129.75,1.0,128.0,3.0,129.99,1.0,127.1,1.0,130.0,3.0,127.0,1.0,130.25,1.0,126.75,1.0,130.5,1.0,126.0,1.0,130.75,5.0,125.0,2.0,131.0,1.0,124.5,1.0,131.89,1.0,123.0,1.0,134.0,5.0,122.0,1.0,134.1,2.0
183,Germany_Baseload#19#0#10000106,2021-10-14 06:38:56.976000,129.0,1.0,129.75,1.0,128.0,3.0,129.99,1.0,127.5,1.0,130.0,3.0,127.1,1.0,130.25,1.0,126.75,1.0,130.5,1.0,126.0,1.0,130.75,5.0,125.0,2.0,131.0,1.0,124.5,1.0,131.89,1.0,123.0,1.0,134.0,5.0,122.0,1.0,134.1,2.0
184,Germany_Baseload#19#0#10000106,2021-10-14 06:38:57.699000,129.0,1.0,129.75,1.0,128.0,3.0,129.99,1.0,127.5,1.0,130.0,3.0,127.1,1.0,130.25,1.0,126.75,1.0,130.5,1.0,126.0,1.0,130.75,5.0,125.0,2.0,131.0,1.0,124.5,1.0,131.89,1.0,123.0,1.0,134.0,5.0,122.0,1.0,134.1,2.0
185,Germany_Baseload#19#0#10000106,2021-10-14 06:39:01.205000,129.0,1.0,129.75,5.0,128.0,3.0,129.99,1.0,127.5,1.0,130.0,3.0,127.1,1.0,130.25,1.0,126.75,1.0,130.5,1.0,126.0,1.0,131.0,1.0,125.0,2.0,131.89,1.0,124.5,1.0,134.0,5.0,123.0,1.0,134.1,2.0,122.0,1.0,137.0,1.0
186,Germany_Baseload#19#0#10000106,2021-10-14 06:39:17.558000,129.0,1.0,129.75,5.0,128.0,3.0,129.99,1.0,127.5,1.0,130.0,3.0,127.1,1.0,130.25,1.0,126.75,1.0,130.5,1.0,126.0,1.0,131.0,1.0,125.0,2.0,131.89,1.0,124.5,1.0,134.0,5.0,123.0,1.0,134.1,2.0,122.0,1.0,137.0,1.0
187,Germany_Baseload#19#0#10000106,2021-10-14 06:39:17.967000,129.0,1.0,129.75,5.0,128.0,3.0,129.99,1.0,127.5,1.0,130.0,3.0,127.1,1.0,130.25,1.0,126.75,1.0,130.5,1.0,126.0,1.0,131.0,1.0,125.0,2.0,131.89,1.0,124.5,1.0,134.0,5.0,123.0,1.0,134.1,2.0,122.0,1.0,137.0,1.0
188,Germany_Baseload#19#0#10000106,2021-10-14 06:39:31.463000,129.0,1.0,129.75,5.0,128.0,3.0,129.99,1.0,127.5,1.0,130.0,3.0,127.1,1.0,130.25,1.0,126.75,1.0,130.5,1.0,126.0,1.0,131.0,1.0,125.0,2.0,131.89,1.0,124.5,1.0,134.0,5.0,123.0,1.0,134.1,2.0,122.0,1.0,137.0,1.0
189,Germany_Baseload#19#0#10000106,2021-10-14 06:39:40.145000,129.0,1.0,129.7,1.0,128.0,3.0,129.75,5.0,127.5,1.0,130.0,4.0,127.1,1.0,130.25,1.0,126.75,1.0,130.5,1.0,126.0,1.0,131.0,1.0,125.0,2.0,131.89,1.0,124.5,1.0,134.0,5.0,123.0,1.0,134.1,2.0,122.0,1.0,137.0,1.0
190,Germany_Baseload#19#0#10000106,2021-10-14 06:40:29.577000,129.0,3.0,129.7,1.0,127.5,1.0,129.75,5.0,127.1,1.0,130.0,4.0,126.75,1.0,130.25,1.0,126.0,1.0,130.5,1.0,125.0,2.0,131.0,1.0,124.5,1.0,131.89,1.0,123.0,1.0,134.0,5.0,122.0,1.0,134.1,2.0,121.97,1.0,137.0,1.0
191,Germany_Baseload#19#0#10000106,2021-10-14 06:40:51.611000,129.0,3.0,129.7,1.0,127.5,1.0,129.75,6.0,127.1,1.0,130.0,4.0,126.75,1.0,130.25,1.0,126.0,1.0,130.5,1.0,125.0,2.0,131.0,1.0,124.5,1.0,131.89,1.0,123.0,1.0,134.1,2.0,122.0,1.0,137.0,1.0,121.97,1.0,151.2,5.0
192,Germany_Baseload#19#0#10000106,2021-10-14 06:41:07.480000,129.0,3.0,129.7,1.0,127.5,1.0,129.75,6.0,127.1,1.0,130.0,4.0,126.75,1.0,130.25,1.0,126.0,1.0,130.5,1.0,125.8,5.0,131.0,1.0,125.0,2.0,131.89,1.0,124.5,1.0,134.1,2.0,123.0,1.0,137.0,1.0,122.0,1.0,151.2,5.0
193,Germany_Baseload#19#0#10000106,2021-10-14 06:41:39.310000,129.0,3.0,129.7,1.0,127.75,1.0,129.75,6.0,127.5,1.0,130.0,4.0,127.1,1.0,130.25,1.0,126.75,1.0,130.5,1.0,126.0,1.0,131.0,1.0,125.8,5.0,131.89,1.0,125.0,2.0,134.1,2.0,124.5,1.0,137.0,1.0,123.0,1.0,151.2,5.0
194,Germany_Baseload#19#0#10000106,2021-10-14 06:41:39.311000,129.0,3.0,129.7,1.0,127.75,1.0,129.75,6.0,127.1,1.0,130.0,4.0,126.75,1.0,130.25,1.0,126.0,1.0,130.5,1.0,125.8,5.0,131.0,1.0,125.0,2.0,131.89,1.0,124.5,1.0,134.1,2.0,123.0,1.0,137.0,1.0,122.0,1.0,151.2,5.0
195,Germany_Baseload#19#0#10000106,2021-10-14 06:41:44.005000,129.0,3.0,129.7,1.0,127.75,1.0,129.75,6.0,127.1,1.0,130.0,4.0,126.75,1.0,130.25,1.0,126.0,1.0,130.5,1.0,125.8,5.0,131.0,1.0,125.0,2.0,131.89,1.0,124.5,1.0,133.8,5.0,123.0,1.0,134.1,2.0,122.0,1.0,137.0,1.0
196,Germany_Baseload#19#0#10000106,2021-10-14 06:42:34.202000,129.25,1.0,129.7,1.0,129.0,3.0,129.75,6.0,127.75,1.0,130.0,4.0,127.1,1.0,130.25,1.0,126.75,1.0,130.5,1.0,126.0,1.0,131.0,1.0,125.8,5.0,131.89,1.0,125.0,2.0,133.8,5.0,124.5,1.0,134.1,2.0,123.0,1.0,137.0,1.0
197,Germany_Baseload#19#0#10000106,2021-10-14 06:42:34.249000,129.25,1.0,129.7,1.0,129.22,2.0,129.75,6.0,129.0,3.0,130.0,4.0,127.75,1.0,130.25,1.0,127.1,1.0,130.5,1.0,126.75,1.0,131.0,1.0,126.0,1.0,131.89,1.0,125.8,5.0,133.8,5.0,125.0,2.0,134.1,2.0,124.5,1.0,137.0,1.0
198,Germany_Baseload#19#0#10000106,2021-10-14 06:42:34.250000,129.25,1.0,129.7,1.0,129.0,3.0,129.75,6.0,127.75,1.0,130.0,4.0,127.1,1.0,130.25,1.0,126.75,1.0,130.5,1.0,126.0,1.0,131.0,1.0,125.8,5.0,131.89,1.0,125.0,2.0,133.8,5.0,124.5,1.0,134.1,2.0,123.0,1.0,137.0,1.0
199,Germany_Baseload#19#0#10000106,2021-10-14 06:42:34.274000,129.25,1.0,129.7,1.0,129.22,2.0,129.75,6.0,129.0,3.0,130.0,4.0,127.75,1.0,130.25,1.0,127.1,1.0,130.5,1.0,126.75,1.0,131.0,1.0,126.0,1.0,131.89,1.0,125.8,5.0,133.8,5.0,125.0,2.0,134.1,2.0,124.5,1.0,137.0,1.0
200,Germany_Baseload#19#0#10000106,2021-10-14 06:42:39.681000,129.25,1.0,129.7,1.0,129.22,2.0,129.75,6.0,129.0,3.0,130.0,4.0,127.75,1.0,130.25,1.0,127.5,1.0,130.5,1.0,127.1,1.0,131.0,1.0,126.0,1.0,131.89,1.0,125.8,5.0,133.8,5.0,125.0,2.0,134.1,2.0,124.5,1.0,137.0,1.0
201,Germany_Baseload#19#0#10000106,2021-10-14 06:42:55.161000,129.25,1.0,129.7,1.0,129.22,2.0,129.75,6.0,129.0,3.0,130.0,4.0,127.75,1.0,130.25,1.0,127.5,1.0,130.5,1.0,127.1,1.0,131.0,1.0,126.0,1.0,131.89,1.0,125.8,5.0,134.0,5.0,125.0,2.0,134.1,2.0,124.5,1.0,137.0,1.0
202,Germany_Baseload#19#0#10000106,2021-10-14 06:42:57.932000,129.25,1.0,129.7,1.0,129.22,2.0,129.75,6.0,129.0,3.0,130.0,4.0,128.0,1.0,130.25,1.0,127.5,1.0,130.5,1.0,127.1,1.0,131.0,1.0,126.0,1.0,131.89,1.0,125.8,5.0,134.0,5.0,125.0,2.0,134.1,2.0,124.5,1.0,137.0,1.0
203,Germany_Baseload#19#0#10000106,2021-10-14 06:43:05.811000,129.22,2.0,129.7,1.0,129.0,1.0,129.75,6.0,128.0,1.0,130.0,4.0,127.5,1.0,130.25,1.0,127.1,1.0,130.5,1.0,126.0,1.0,131.0,1.0,125.8,5.0,131.89,1.0,125.0,2.0,134.0,5.0,124.5,1.0,134.1,2.0,123.0,1.0,137.0,1.0
204,Germany_Baseload#19#0#10000106,2021-10-14 06:43:05.849000,129.22,1.0,129.7,1.0,129.0,1.0,129.75,6.0,128.0,1.0,130.0,4.0,127.5,1.0,130.25,1.0,127.1,1.0,130.5,1.0,126.0,1.0,131.0,1.0,125.8,5.0,131.89,1.0,125.0,2.0,134.0,5.0,124.5,1.0,134.1,2.0,123.0,1.0,137.0,1.0
205,Germany_Baseload#19#0#10000106,2021-10-14 06:43:05.851000,129.0,1.0,129.7,1.0,128.0,1.0,129.75,6.0,127.5,1.0,130.0,4.0,127.1,1.0,130.25,1.0,126.0,1.0,130.5,1.0,125.8,5.0,131.0,1.0,125.0,2.0,131.89,1.0,124.5,1.0,134.0,5.0,123.0,1.0,134.1,2.0,122.0,1.0,137.0,1.0
206,Germany_Baseload#19#0#10000106,2021-10-14 06:43:05.858000,129.0,1.0,129.7,1.0,128.97,1.0,129.75,6.0,128.0,1.0,130.0,4.0,127.5,1.0,130.25,1.0,127.1,1.0,130.5,1.0,126.0,1.0,131.0,1.0,125.8,5.0,131.89,1.0,125.0,2.0,134.0,5.0,124.5,1.0,134.1,2.0,123.0,1.0,137.0,1.0
207,Germany_Baseload#19#0#10000106,2021-10-14 06:43:05.873000,129.0,1.0,129.7,1.0,128.97,2.0,129.75,6.0,128.0,1.0,130.0,4.0,127.5,1.0,130.25,1.0,127.1,1.0,130.5,1.0,126.0,1.0,131.0,1.0,125.8,5.0,131.89,1.0,125.0,2.0,134.0,5.0,124.5,1.0,134.1,2.0,123.0,1.0,137.0,1.0
208,Germany_Baseload#19#0#10000106,2021-10-14 06:43:05.895000,129.0,1.0,129.7,1.0,128.97,2.0,129.75,6.0,128.0,1.0,130.0,4.0,127.5,1.0,130.25,1.0,127.1,1.0,130.5,1.0,126.0,1.0,131.0,1.0,125.8,5.0,131.89,1.0,125.0,2.0,134.0,5.0,124.5,1.0,134.1,2.0,123.0,1.0,137.0,1.0
209,Germany_Baseload#19#0#10000106,2021-10-14 06:43:06.273000,129.0,1.0,129.75,6.0,128.97,2.0,130.0,4.0,128.0,1.0,130.25,1.0,127.5,1.0,130.5,1.0,127.1,1.0,131.0,1.0,126.0,1.0,131.89,1.0,125.8,5.0,134.0,5.0,125.0,2.0,134.1,2.0,124.5,1.0,137.0,1.0,123.0,1.0,,
210,Germany_Baseload#19#0#10000106,2021-10-14 06:43:06.292000,129.0,1.0,129.75,6.0,128.97,2.0,130.0,4.0,127.5,1.0,130.25,1.0,127.1,1.0,130.5,1.0,126.0,1.0,131.0,1.0,125.8,5.0,131.89,1.0,125.0,2.0,134.0,5.0,124.5,1.0,134.1,2.0,123.0,1.0,137.0,1.0,122.0,1.0,,
211,Germany_Baseload#19#0#10000106,2021-10-14 06:43:10.103000,129.0,1.0,129.75,6.0,128.97,2.0,130.0,4.0,127.5,1.0,130.25,1.0,127.1,1.0,130.5,1.0,126.0,1.0,131.0,1.0,125.8,5.0,131.89,1.0,125.0,2.0,134.0,5.0,124.5,1.0,134.1,1.0,123.0,1.0,137.0,1.0,122.0,1.0,,
212,Germany_Baseload#19#0#10000106,2021-10-14 06:43:10.535000,129.0,1.0,129.75,6.0,128.97,2.0,130.0,4.0,127.5,1.0,130.25,1.0,127.1,1.0,130.5,1.0,126.0,1.0,131.0,1.0,125.8,5.0,131.89,1.0,125.0,2.0,134.0,5.0,124.5,1.0,137.0,1.0,123.0,1.0,,,122.0,1.0,,
213,Germany_Baseload#19#0#10000106,2021-10-14 06:43:12.834000,129.0,1.0,129.75,5.0,128.97,2.0,130.0,4.0,127.5,1.0,130.25,1.0,127.1,1.0,130.5,1.0,126.0,1.0,131.0,1.0,125.8,5.0,131.89,1.0,125.0,2.0,134.0,5.0,124.5,1.0,137.0,1.0,123.0,1.0,,,122.0,1.0,,
214,Germany_Baseload#19#0#10000106,2021-10-14 06:43:12.884000,129.0,1.0,130.0,4.0,128.97,2.0,130.25,1.0,127.5,1.0,130.5,1.0,127.1,1.0,131.0,1.0,126.0,1.0,131.89,1.0,125.8,5.0,134.0,5.0,125.0,2.0,137.0,1.0,124.5,1.0,,,123.0,1.0,,,122.0,1.0,,
215,Germany_Baseload#19#0#10000106,2021-10-14 06:43:15.186000,129.0,1.0,130.0,4.0,128.97,2.0,130.25,1.0,127.85,1.0,130.5,1.0,127.5,1.0,131.0,1.0,127.1,1.0,131.89,1.0,126.0,1.0,134.0,5.0,125.8,5.0,137.0,1.0,125.0,2.0,,,124.5,1.0,,,123.0,1.0,,
216,Germany_Baseload#19#0#10000106,2021-10-14 06:43:18.059000,129.0,1.0,130.0,4.0,128.97,2.0,130.25,1.0,127.85,1.0,130.5,1.0,127.5,1.0,131.0,1.0,127.1,1.0,131.89,1.0,126.0,1.0,137.0,1.0,125.8,5.0,151.2,5.0,125.0,2.0,,,124.5,1.0,,,123.0,1.0,,
217,Germany_Baseload#19#0#10000106,2021-10-14 06:43:18.235000,129.0,1.0,130.0,4.0,128.97,2.0,130.25,1.0,127.75,1.0,130.5,1.0,127.5,1.0,131.0,1.0,127.1,1.0,131.89,1.0,126.0,1.0,137.0,1.0,125.8,5.0,151.2,5.0,125.0,2.0,,,124.5,1.0,,,123.0,1.0,,
218,Germany_Baseload#19#0#10000106,2021-10-14 06:43:19.627000,129.0,1.0,130.0,4.0,128.97,2.0,130.25,1.0,127.75,1.0,130.5,1.0,127.5,1.0,131.0,1.0,127.1,1.0,131.89,1.0,126.0,1.0,137.0,1.0,125.8,5.0,,,125.0,2.0,,,124.5,1.0,,,123.0,1.0,,
219,Germany_Baseload#19#0#10000106,2021-10-14 06:43:22.892000,129.25,1.0,130.0,4.0,129.0,3.0,130.25,1.0,128.97,2.0,130.5,1.0,127.75,1.0,131.0,1.0,127.5,1.0,131.89,1.0,127.1,1.0,137.0,1.0,126.0,1.0,,,125.8,5.0,,,125.0,2.0,,,124.5,1.0,,
220,Germany_Baseload#19#0#10000106,2021-10-14 06:43:22.939000,129.25,1.0,130.0,4.0,129.0,3.0,130.25,1.0,127.75,1.0,130.5,1.0,127.5,1.0,131.0,1.0,127.1,1.0,131.89,1.0,126.0,1.0,137.0,1.0,125.8,5.0,,,125.0,2.0,,,124.5,1.0,,,123.0,1.0,,
221,Germany_Baseload#19#0#10000106,2021-10-14 06:43:22.970000,129.25,1.0,130.0,4.0,129.22,2.0,130.25,1.0,129.0,3.0,130.5,1.0,127.75,1.0,131.0,1.0,127.5,1.0,131.89,1.0,127.1,1.0,137.0,1.0,126.0,1.0,,,125.8,5.0,,,125.0,2.0,,,124.5,1.0,,
222,Germany_Baseload#19#0#10000106,2021-10-14 06:43:23.553000,129.25,1.0,130.0,4.0,129.0,3.0,130.25,1.0,128.97,1.0,130.5,1.0,127.75,1.0,131.0,1.0,127.5,1.0,131.89,1.0,127.1,1.0,137.0,1.0,126.0,1.0,,,125.8,5.0,,,125.0,2.0,,,124.5,1.0,,
223,Germany_Baseload#19#0#10000106,2021-10-14 06:43:23.553000,129.25,1.0,130.0,4.0,129.0,3.0,130.25,1.0,127.75,1.0,130.5,1.0,127.5,1.0,131.0,1.0,127.1,1.0,131.89,1.0,126.0,1.0,137.0,1.0,125.8,5.0,,,125.0,2.0,,,124.5,1.0,,,123.0,1.0,,
224,Germany_Baseload#19#0#10000106,2021-10-14 06:43:23.555000,129.25,1.0,130.0,4.0,129.22,2.0,130.25,1.0,129.0,3.0,130.5,1.0,127.75,1.0,131.0,1.0,127.5,1.0,131.89,1.0,127.1,1.0,137.0,1.0,126.0,1.0,,,125.8,5.0,,,125.0,2.0,,,124.5,1.0,,
225,Germany_Baseload#19#0#10000106,2021-10-14 06:43:34.520000,129.25,1.0,130.0,4.0,129.22,2.0,130.25,1.0,129.0,3.0,130.5,1.0,127.75,1.0,131.0,1.0,127.5,1.0,131.89,1.0,127.1,1.0,133.8,5.0,126.0,1.0,137.0,1.0,125.8,5.0,,,125.0,2.0,,,124.5,1.0,,
226,Germany_Baseload#19#0#10000106,2021-10-14 06:43:36.309000,129.25,1.0,130.0,4.0,129.22,2.0,130.25,1.0,129.0,3.0,130.5,1.0,127.75,1.0,131.0,1.0,127.5,1.0,131.89,1.0,127.1,1.0,137.0,1.0,126.0,1.0,151.2,5.0,125.8,5.0,,,125.0,2.0,,,124.5,1.0,,
227,Germany_Baseload#19#0#10000106,2021-10-14 06:43:38.554000,129.25,1.0,130.0,4.0,129.22,2.0,130.25,1.0,129.0,3.0,130.5,1.0,127.75,1.0,131.0,1.0,127.5,1.0,131.89,1.0,127.1,1.0,137.0,1.0,126.0,1.0,,,125.8,5.0,,,125.0,2.0,,,124.5,1.0,,
228,Germany_Baseload#19#0#10000106,2021-10-14 06:43:52.389000,129.25,1.0,130.0,4.0,129.22,2.0,130.25,1.0,129.0,3.0,130.5,1.0,128.15,1.0,131.0,1.0,127.5,1.0,131.89,1.0,127.1,1.0,137.0,1.0,126.0,1.0,,,125.8,5.0,,,125.0,2.0,,,124.5,1.0,,
229,Germany_Baseload#19#0#10000106,2021-10-14 06:43:53.402000,129.25,1.0,130.0,4.0,129.22,2.0,130.25,1.0,129.0,3.0,130.5,1.0,128.15,1.0,131.0,1.0,127.5,1.0,131.89,1.0,127.1,1.0,133.8,5.0,126.0,1.0,137.0,1.0,125.8,5.0,,,125.0,2.0,,,124.5,1.0,,
230,Germany_Baseload#19#0#10000106,2021-10-14 06:43:56.056000,129.25,1.0,130.0,4.0,129.22,2.0,130.25,1.0,129.0,3.0,130.5,1.0,127.9,1.0,131.0,1.0,127.5,1.0,131.89,1.0,127.1,1.0,133.8,5.0,126.0,1.0,137.0,1.0,125.8,5.0,,,125.0,2.0,,,124.5,1.0,,
231,Germany_Baseload#19#0#10000106,2021-10-14 06:44:03.390000,129.3,1.0,130.0,4.0,129.25,1.0,130.25,1.0,129.22,2.0,130.5,1.0,129.0,3.0,131.0,1.0,127.9,1.0,131.89,1.0,127.5,1.0,133.8,5.0,127.1,1.0,137.0,1.0,126.0,1.0,,,125.8,5.0,,,125.0,2.0,,
232,Germany_Baseload#19#0#10000106,2021-10-14 06:44:05.185000,129.3,1.0,130.0,4.0,129.25,1.0,130.25,1.0,129.22,2.0,130.5,1.0,129.0,3.0,131.0,1.0,127.5,1.0,131.89,1.0,127.1,1.0,133.8,5.0,126.0,1.0,137.0,1.0,125.8,5.0,,,125.0,2.0,,,124.5,1.0,,
233,Germany_Baseload#19#0#10000106,2021-10-14 06:44:08.518000,129.3,1.0,130.0,3.0,129.25,1.0,130.25,1.0,129.22,2.0,130.5,1.0,129.0,3.0,131.0,1.0,127.5,1.0,131.89,1.0,127.1,1.0,133.8,5.0,126.0,1.0,137.0,1.0,125.8,5.0,,,125.0,2.0,,,124.5,1.0,,
234,Germany_Baseload#19#0#10000106,2021-10-14 06:44:16.140000,129.3,1.0,130.0,5.0,129.25,1.0,130.25,1.0,129.22,2.0,130.5,1.0,129.0,3.0,131.0,1.0,127.5,1.0,131.89,1.0,127.1,1.0,134.0,5.0,126.0,1.0,137.0,1.0,125.8,5.0,,,125.0,2.0,,,124.5,1.0,,
235,Germany_Baseload#19#0#10000106,2021-10-14 06:44:21.368000,129.3,1.0,130.0,5.0,129.25,1.0,130.25,1.0,129.22,2.0,130.5,1.0,129.0,3.0,131.0,1.0,127.5,1.0,131.89,1.0,127.1,1.0,134.0,5.0,126.0,1.0,137.0,1.0,125.0,2.0,,,124.5,1.0,,,123.0,1.0,,
236,Germany_Baseload#19#0#10000106,2021-10-14 06:44:21.566000,129.3,1.0,130.0,5.0,129.25,1.0,130.25,1.0,129.22,2.0,130.5,1.0,129.0,3.0,131.0,1.0,127.5,1.0,131.89,1.0,127.1,1.0,134.0,5.0,126.0,1.0,137.0,1.0,125.8,5.0,,,125.0,2.0,,,124.5,1.0,,
237,Germany_Baseload#19#0#10000106,2021-10-14 06:45:01.489000,129.3,1.0,130.0,5.0,129.25,1.0,130.25,1.0,129.22,2.0,130.5,1.0,129.0,3.0,131.0,1.0,127.5,1.0,131.89,1.0,127.1,1.0,134.0,5.0,126.0,1.0,137.0,1.0,125.0,2.0,,,124.5,1.0,,,123.0,1.0,,
238,Germany_Baseload#19#0#10000106,2021-10-14 06:45:01.885000,129.3,1.0,130.0,5.0,129.25,1.0,130.25,1.0,129.22,2.0,130.5,1.0,129.0,3.0,131.0,1.0,127.5,1.0,131.89,1.0,127.1,1.0,134.0,5.0,126.0,1.0,137.0,1.0,125.8,5.0,,,125.0,2.0,,,124.5,1.0,,
239,Germany_Baseload#19#0#10000106,2021-10-14 06:45:02.048000,129.3,1.0,130.0,5.0,129.25,1.0,130.25,5.0,129.22,2.0,130.5,1.0,129.0,3.0,131.0,1.0,127.5,1.0,131.89,1.0,127.1,1.0,134.0,5.0,126.0,1.0,137.0,1.0,125.8,5.0,,,125.0,2.0,,,124.5,1.0,,
240,Germany_Baseload#19#0#10000106,2021-10-14 06:45:09.528000,129.3,1.0,130.0,2.0,129.25,1.0,130.25,5.0,129.22,2.0,130.5,1.0,129.0,3.0,131.0,1.0,127.5,1.0,131.89,1.0,127.1,1.0,134.0,5.0,126.0,1.0,137.0,1.0,125.8,5.0,,,125.0,2.0,,,124.5,1.0,,
241,Germany_Baseload#19#0#10000106,2021-10-14 06:45:14.914000,129.3,1.0,130.0,2.0,129.25,1.0,130.25,5.0,129.22,2.0,130.5,1.0,129.0,3.0,131.0,1.0,127.5,1.0,131.89,1.0,127.1,1.0,134.0,5.0,126.0,1.0,137.0,1.0,125.0,2.0,,,124.5,1.0,,,123.0,1.0,,
242,Germany_Baseload#19#0#10000106,2021-10-14 06:45:16.538000,129.3,1.0,130.0,2.0,129.25,1.0,130.25,5.0,129.22,2.0,130.5,1.0,129.0,3.0,131.0,1.0,127.5,1.0,131.89,1.0,127.1,1.0,134.0,5.0,126.0,1.0,137.0,1.0,125.8,5.0,,,125.0,2.0,,,124.5,1.0,,
243,Germany_Baseload#19#0#10000106,2021-10-14 06:45:19.039000,129.3,1.0,130.0,2.0,129.25,1.0,130.25,5.0,129.22,2.0,130.5,1.0,129.0,3.0,131.0,1.0,127.5,1.0,131.89,1.0,127.1,1.0,134.0,5.0,126.0,1.0,137.0,1.0,125.0,2.0,,,124.5,1.0,,,123.0,1.0,,
244,Germany_Baseload#19#0#10000106,2021-10-14 06:45:24.686000,129.3,1.0,130.0,2.0,129.25,1.0,130.25,5.0,129.22,2.0,130.5,1.0,129.0,3.0,131.0,1.0,128.25,1.0,131.89,1.0,127.5,1.0,134.0,5.0,127.1,1.0,137.0,1.0,126.0,1.0,,,125.0,2.0,,,124.5,1.0,,
245,Germany_Baseload#19#0#10000106,2021-10-14 06:45:24.776000,129.3,1.0,130.0,2.0,129.25,1.0,130.25,5.0,129.22,2.0,130.5,1.0,129.0,3.0,131.0,1.0,127.5,1.0,131.89,1.0,127.1,1.0,134.0,5.0,126.0,1.0,137.0,1.0,125.0,2.0,,,124.5,1.0,,,123.0,1.0,,
246,Germany_Baseload#19#0#10000106,2021-10-14 06:45:39.629000,129.3,1.0,130.0,2.0,129.25,1.0,130.25,5.0,129.22,2.0,130.5,1.0,129.0,3.0,131.0,1.0,127.5,1.0,131.89,1.0,127.1,1.0,134.0,5.0,126.0,1.0,137.0,1.0,125.8,5.0,,,125.0,2.0,,,124.5,1.0,,
247,Germany_Baseload#19#0#10000106,2021-10-14 06:45:39.672000,129.3,1.0,130.0,2.0,129.25,1.0,130.25,5.0,129.22,2.0,130.5,1.0,129.0,3.0,131.0,1.0,127.5,1.0,131.89,1.0,127.1,1.0,137.0,1.0,126.0,1.0,151.2,5.0,125.8,5.0,,,125.0,2.0,,,124.5,1.0,,
248,Germany_Baseload#19#0#10000106,2021-10-14 06:45:39.987000,129.3,1.0,130.0,2.0,129.25,1.0,130.25,5.0,129.22,2.0,130.5,1.0,129.0,3.0,131.0,1.0,127.5,1.0,131.89,1.0,127.1,1.0,137.0,1.0,126.0,1.0,,,125.8,5.0,,,125.0,2.0,,,124.5,1.0,,
249,Germany_Baseload#19#0#10000106,2021-10-14 06:45:42.742000,129.3,1.0,130.0,2.0,129.25,1.0,130.25,5.0,129.22,2.0,130.5,1.0,129.0,3.0,131.0,1.0,128.55,1.0,131.89,1.0,127.5,1.0,137.0,1.0,127.1,1.0,,,126.0,1.0,,,125.8,5.0,,,125.0,2.0,,
250,Germany_Baseload#19#0#10000106,2021-10-14 06:45:42.827000,129.3,1.0,130.0,2.0,129.25,1.0,130.25,5.0,129.22,2.0,130.5,1.0,129.0,3.0,131.0,1.0,128.3,1.0,131.89,1.0,127.5,1.0,137.0,1.0,127.1,1.0,,,126.0,1.0,,,125.8,5.0,,,125.0,2.0,,
251,Germany_Baseload#19#0#10000106,2021-10-14 06:45:42.934000,129.3,1.0,130.0,2.0,129.25,1.0,130.25,5.0,129.22,2.0,130.5,1.0,129.0,3.0,131.0,1.0,127.5,1.0,131.89,1.0,127.1,1.0,137.0,1.0,126.0,1.0,,,125.8,5.0,,,125.0,2.0,,,124.5,1.0,,
252,Germany_Baseload#19#0#10000106,2021-10-14 06:45:46.538000,129.5,3.0,130.0,2.0,129.3,1.0,130.25,5.0,129.25,1.0,130.5,1.0,129.22,2.0,131.0,1.0,129.0,1.0,131.89,1.0,127.5,1.0,137.0,1.0,127.1,1.0,,,126.0,1.0,,,125.8,5.0,,,125.0,2.0,,
253,Germany_Baseload#19#0#10000106,2021-10-14 06:45:54.230000,129.5,3.0,130.0,2.0,129.3,1.0,130.25,5.0,129.25,1.0,130.5,1.0,129.22,2.0,131.0,1.0,129.0,1.0,131.89,1.0,127.5,1.0,137.0,1.0,127.1,1.0,,,126.0,1.0,,,125.8,5.0,,,125.0,2.0,,
254,Germany_Baseload#19#0#10000106,2021-10-14 06:45:54.860000,129.5,3.0,130.0,2.0,129.3,1.0,130.25,5.0,129.25,1.0,130.5,1.0,129.22,2.0,131.0,1.0,129.0,1.0,131.89,1.0,127.5,1.0,134.0,5.0,127.1,1.0,137.0,1.0,126.0,1.0,,,125.8,5.0,,,125.0,2.0,,
255,Germany_Baseload#19#0#10000106,2021-10-14 06:46:06.931000,129.5,3.0,130.0,2.0,129.3,1.0,130.25,5.0,129.25,1.0,130.5,1.0,129.22,2.0,131.0,1.0,129.0,1.0,131.89,1.0,127.5,1.0,133.8,5.0,127.1,1.0,137.0,1.0,126.0,1.0,,,125.8,5.0,,,125.0,2.0,,
256,Germany_Baseload#19#0#10000106,2021-10-14 06:46:41.867000,129.5,3.0,130.0,2.0,129.3,1.0,130.25,5.0,129.25,1.0,130.5,1.0,129.22,2.0,131.0,1.0,129.0,1.0,131.89,1.0,127.5,1.0,134.0,5.0,127.1,1.0,137.0,1.0,126.0,1.0,,,125.8,5.0,,,125.0,2.0,,
257,Germany_Baseload#19#0#10000106,2021-10-14 06:46:43.567000,129.5,3.0,130.0,1.0,129.3,1.0,130.25,5.0,129.25,1.0,131.0,1.0,129.22,2.0,131.89,1.0,129.0,1.0,134.0,5.0,127.5,1.0,137.0,1.0,127.1,1.0,,,126.0,1.0,,,125.8,5.0,,,125.0,2.0,,
258,Germany_Baseload#19#0#10000106,2021-10-14 06:46:47.939000,129.5,3.0,129.8,3.0,129.3,1.0,130.0,1.0,129.25,1.0,130.25,5.0,129.22,2.0,131.0,1.0,129.0,1.0,131.89,1.0,127.5,1.0,134.0,5.0,127.1,1.0,137.0,1.0,126.0,1.0,,,125.8,5.0,,,125.0,2.0,,
259,Germany_Baseload#19#0#10000106,2021-10-14 06:47:09.476000,129.5,3.0,129.8,3.0,129.3,1.0,130.0,1.0,129.25,1.0,130.25,5.0,129.22,2.0,131.0,1.0,129.0,1.0,131.89,1.0,127.1,1.0,134.0,5.0,126.0,1.0,137.0,1.0,125.8,5.0,,,125.0,2.0,,,124.5,1.0,,
260,Germany_Baseload#19#0#10000106,2021-10-14 06:47:11.996000,129.5,3.0,129.8,3.0,129.3,1.0,130.0,3.0,129.25,1.0,130.25,5.0,129.22,2.0,131.0,1.0,129.0,1.0,131.89,1.0,127.1,1.0,133.8,5.0,126.0,1.0,137.0,1.0,125.8,5.0,,,125.0,2.0,,,124.5,1.0,,
261,Germany_Baseload#19#0#10000106,2021-10-14 06:47:14.039000,129.5,3.0,129.8,3.0,129.3,1.0,130.0,3.0,129.25,1.0,130.25,5.0,129.22,2.0,131.0,1.0,129.0,1.0,131.89,1.0,127.1,1.0,134.0,5.0,126.0,1.0,137.0,1.0,125.8,5.0,,,125.0,2.0,,,124.5,1.0,,
262,Germany_Baseload#19#0#10000106,2021-10-14 06:47:25.043000,129.3,1.0,129.8,3.0,129.25,1.0,130.0,3.0,129.22,2.0,130.25,5.0,129.0,1.0,131.0,1.0,127.1,1.0,131.89,1.0,126.0,1.0,134.0,5.0,125.8,5.0,137.0,1.0,125.0,2.0,,,124.5,1.0,,,122.0,1.0,,
263,Germany_Baseload#19#0#10000106,2021-10-14 06:47:30.063000,129.3,1.0,129.8,3.0,129.25,1.0,130.0,3.0,129.22,2.0,130.25,5.0,129.0,1.0,131.0,1.0,127.1,1.0,131.89,1.0,127.0,1.0,134.0,5.0,126.0,1.0,137.0,1.0,125.8,5.0,,,125.0,2.0,,,124.5,1.0,,
264,Germany_Baseload#19#0#10000106,2021-10-14 06:47:45.759000,129.3,1.0,129.8,3.0,129.25,1.0,130.0,3.0,129.22,2.0,130.25,5.0,129.0,1.0,131.0,1.0,127.1,1.0,131.89,1.0,127.0,1.0,137.0,1.0,126.0,1.0,,,125.8,5.0,,,125.0,2.0,,,124.5,1.0,,
265,Germany_Baseload#19#0#10000106,2021-10-14 06:47:51.957000,129.3,1.0,129.8,3.0,129.25,1.0,130.0,3.0,129.22,2.0,130.25,5.0,129.0,1.0,131.0,1.0,127.1,1.0,131.89,1.0,127.0,1.0,134.0,5.0,126.0,1.0,137.0,1.0,125.8,5.0,,,125.0,2.0,,,124.5,1.0,,
266,Germany_Baseload#19#0#10000106,2021-10-14 06:47:56.199000,129.3,1.0,129.8,3.0,129.25,1.0,130.0,3.0,129.22,2.0,130.25,5.0,129.0,1.0,131.0,1.0,127.1,1.0,131.89,1.0,127.0,1.0,137.0,1.0,126.0,1.0,,,125.8,5.0,,,125.0,2.0,,,124.5,1.0,,
267,Germany_Baseload#19#0#10000106,2021-10-14 06:48:05.239000,129.3,1.0,129.8,3.0,129.25,1.0,130.0,3.0,129.22,2.0,130.25,5.0,129.0,1.0,131.0,1.0,127.1,1.0,131.89,1.0,127.0,1.0,134.0,5.0,126.0,1.0,137.0,1.0,125.8,5.0,,,125.0,2.0,,,124.5,1.0,,
268,Germany_Baseload#19#0#10000106,2021-10-14 06:48:18.699000,129.3,1.0,129.8,3.0,129.25,1.0,130.0,3.0,129.22,2.0,130.25,5.0,129.0,1.0,131.0,1.0,127.1,1.0,131.89,1.0,127.0,1.0,133.8,5.0,126.0,1.0,137.0,1.0,125.8,5.0,,,125.0,2.0,,,124.5,1.0,,
269,Germany_Baseload#19#0#10000106,2021-10-14 06:48:26.699000,129.3,1.0,129.8,3.0,129.25,1.0,130.0,3.0,129.22,2.0,130.25,5.0,129.0,1.0,131.0,1.0,127.1,1.0,131.89,1.0,127.0,1.0,137.0,1.0,126.0,1.0,151.2,5.0,125.8,5.0,,,125.0,2.0,,,124.5,1.0,,
270,Germany_Baseload#19#0#10000106,2021-10-14 06:48:29.766000,129.3,1.0,129.8,3.0,129.25,1.0,130.0,3.0,129.22,2.0,130.25,5.0,129.0,1.0,131.0,1.0,127.1,1.0,131.89,1.0,127.0,1.0,137.0,1.0,126.0,1.0,,,125.8,5.0,,,125.0,2.0,,,124.5,1.0,,
271,Germany_Baseload#19#0#10000106,2021-10-14 06:48:45.019000,129.3,1.0,129.8,3.0,129.25,1.0,130.0,3.0,129.22,2.0,130.25,5.0,129.0,1.0,131.0,1.0,127.1,1.0,131.89,1.0,127.0,1.0,134.0,5.0,126.0,1.0,137.0,1.0,125.8,5.0,,,125.0,2.0,,,124.5,1.0,,
272,Germany_Baseload#19#0#10000106,2021-10-14 06:48:45.583000,129.3,1.0,129.8,3.0,129.25,1.0,130.0,3.0,129.22,2.0,130.25,5.0,129.0,1.0,131.0,1.0,127.1,1.0,131.89,1.0,127.0,1.0,133.8,5.0,126.0,1.0,137.0,1.0,125.8,5.0,,,125.0,2.0,,,124.5,1.0,,
273,Germany_Baseload#19#0#10000106,2021-10-14 06:48:51.236000,129.3,1.0,129.8,3.0,129.25,1.0,130.0,3.0,129.22,2.0,130.25,5.0,129.0,1.0,131.0,1.0,127.1,1.0,131.89,1.0,127.0,1.0,134.0,5.0,126.0,1.0,137.0,1.0,125.8,5.0,,,125.0,2.0,,,124.5,1.0,,
274,Germany_Baseload#19#0#10000106,2021-10-14 06:49:17.741000,129.3,1.0,129.8,3.0,129.25,1.0,130.0,3.0,129.22,2.0,130.25,5.0,129.0,1.0,131.0,1.0,127.1,1.0,131.89,1.0,127.0,1.0,137.0,1.0,126.0,1.0,151.2,5.0,125.8,5.0,,,125.0,2.0,,,124.5,1.0,,
275,Germany_Baseload#19#0#10000106,2021-10-14 06:49:18.301000,129.3,1.0,129.8,3.0,129.25,1.0,130.0,3.0,129.22,2.0,130.25,5.0,129.0,1.0,131.0,1.0,127.1,1.0,131.89,1.0,127.0,1.0,137.0,1.0,126.0,1.0,,,125.8,5.0,,,125.0,2.0,,,124.5,1.0,,
276,Germany_Baseload#19#0#10000106,2021-10-14 06:49:33.177000,129.3,1.0,129.8,3.0,129.25,1.0,130.0,3.0,129.22,2.0,130.25,5.0,129.0,1.0,131.0,1.0,127.1,1.0,131.89,1.0,127.0,1.0,134.0,5.0,126.0,1.0,137.0,1.0,125.8,5.0,,,125.0,2.0,,,124.5,1.0,,
277,Germany_Baseload#19#0#10000106,2021-10-14 06:49:37.669000,129.3,1.0,129.8,3.0,129.25,1.0,130.0,3.0,129.22,2.0,130.25,5.0,129.0,1.0,131.0,1.0,127.1,1.0,131.89,1.0,127.0,1.0,134.0,5.0,126.2,1.0,137.0,1.0,126.0,1.0,,,125.8,5.0,,,125.0,2.0,,
278,Germany_Baseload#19#0#10000106,2021-10-14 06:49:39.212000,129.3,1.0,129.8,3.0,129.25,1.0,130.0,3.0,129.22,2.0,130.25,5.0,129.0,1.0,131.0,1.0,127.1,1.0,131.89,1.0,127.0,1.0,134.2,5.0,126.2,1.0,137.0,1.0,126.0,1.0,,,125.8,5.0,,,125.0,2.0,,
279,Germany_Baseload#19#0#10000106,2021-10-14 06:50:33.119000,129.3,1.0,129.8,3.0,129.25,1.0,130.0,3.0,129.22,2.0,130.25,5.0,129.0,1.0,131.0,1.0,127.1,1.0,131.89,1.0,127.0,1.0,134.2,5.0,126.2,1.0,137.0,1.0,126.0,1.0,,,125.8,5.0,,,125.0,2.0,,
280,Germany_Baseload#19#0#10000106,2021-10-14 06:50:35.588000,129.3,1.0,129.8,3.0,129.25,1.0,130.0,3.0,129.22,2.0,130.25,5.0,129.0,1.0,131.0,1.0,127.3,1.0,131.89,1.0,127.1,1.0,134.2,5.0,127.0,1.0,137.0,1.0,126.0,1.0,,,125.8,5.0,,,125.0,2.0,,
281,Germany_Baseload#19#0#10000106,2021-10-14 06:51:07.410000,129.3,1.0,130.0,3.0,129.25,1.0,130.25,5.0,129.22,2.0,131.0,1.0,129.0,1.0,131.89,1.0,127.3,1.0,134.2,5.0,127.1,1.0,137.0,1.0,127.0,1.0,,,126.0,1.0,,,125.8,5.0,,,125.0,2.0,,
282,Germany_Baseload#19#0#10000106,2021-10-14 06:51:09.182000,129.3,1.0,130.0,3.0,129.25,1.0,130.25,5.0,129.22,2.0,131.0,1.0,129.0,1.0,131.89,1.0,127.3,1.0,134.2,5.0,127.1,1.0,137.0,1.0,127.0,1.0,,,126.0,1.0,,,125.8,5.0,,,125.0,2.0,,
283,Germany_Baseload#19#0#10000106,2021-10-14 06:51:09.345000,129.3,1.0,130.0,3.0,129.25,1.0,130.25,5.0,129.22,2.0,131.0,1.0,129.0,1.0,131.89,1.0,127.1,1.0,134.2,5.0,127.0,1.0,137.0,1.0,126.2,1.0,,,126.0,1.0,,,125.8,5.0,,,125.0,2.0,,
284,Germany_Baseload#19#0#10000106,2021-10-14 06:51:09.423000,129.3,1.0,130.0,3.0,129.25,1.0,130.25,5.0,129.22,2.0,131.0,1.0,129.0,1.0,131.89,1.0,127.1,1.0,134.2,5.0,127.0,1.0,137.0,1.0,126.0,1.0,,,125.8,5.0,,,125.0,2.0,,,124.5,1.0,,
285,Germany_Baseload#19#0#10000106,2021-10-14 06:51:10.179000,129.3,1.0,130.0,4.0,129.25,1.0,130.25,5.0,129.22,2.0,131.0,1.0,129.0,1.0,131.89,1.0,127.1,1.0,134.2,5.0,127.0,1.0,137.0,1.0,126.0,1.0,,,125.8,5.0,,,125.0,2.0,,,124.5,1.0,,
286,Germany_Baseload#19#0#10000106,2021-10-14 06:51:10.944000,129.3,1.0,130.0,4.0,129.25,1.0,130.25,5.0,129.22,2.0,131.0,1.0,129.0,1.0,131.89,1.0,127.1,1.0,134.2,5.0,127.0,1.0,137.0,1.0,126.0,1.0,,,125.8,5.0,,,125.0,2.0,,,124.5,1.0,,
287,Germany_Baseload#19#0#10000106,2021-10-14 06:51:28.379000,129.3,1.0,130.0,3.0,129.25,1.0,130.25,5.0,129.22,2.0,131.0,1.0,129.0,1.0,131.89,1.0,127.1,1.0,134.2,5.0,127.0,1.0,137.0,1.0,126.0,1.0,,,125.8,5.0,,,125.0,2.0,,,124.5,1.0,,
288,Germany_Baseload#19#0#10000106,2021-10-14 06:51:37.206000,129.3,1.0,130.0,1.0,129.25,1.0,130.24,2.0,129.22,2.0,130.25,5.0,129.0,1.0,131.0,1.0,127.1,1.0,131.89,1.0,127.0,1.0,134.2,5.0,126.0,1.0,137.0,1.0,125.8,5.0,,,125.0,2.0,,,124.5,1.0,,
289,Germany_Baseload#19#0#10000106,2021-10-14 06:51:44.888000,129.3,1.0,129.9,1.0,129.25,1.0,130.0,1.0,129.22,2.0,130.24,2.0,129.0,1.0,130.25,5.0,127.1,1.0,131.0,1.0,127.0,1.0,131.89,1.0,126.0,1.0,134.2,5.0,125.8,5.0,137.0,1.0,125.0,2.0,,,124.5,1.0,,
290,Germany_Baseload#19#0#10000106,2021-10-14 06:51:47.614000,129.3,1.0,129.9,1.0,129.25,1.0,130.0,1.0,129.22,2.0,130.24,2.0,129.0,1.0,130.25,5.0,127.1,1.0,131.0,1.0,127.0,1.0,131.89,1.0,126.0,1.0,134.2,5.0,125.8,5.0,137.0,1.0,125.7,3.0,,,125.0,2.0,,
291,Germany_Baseload#19#0#10000106,2021-10-14 06:51:51.319000,129.3,1.0,129.9,1.0,129.25,1.0,130.0,2.0,129.22,2.0,130.25,5.0,129.0,1.0,131.0,1.0,127.1,1.0,131.89,1.0,127.0,1.0,134.2,5.0,126.0,1.0,137.0,1.0,125.8,5.0,,,125.7,3.0,,,125.0,2.0,,
292,Germany_Baseload#19#0#10000106,2021-10-14 06:52:07.403000,129.5,1.0,129.9,1.0,129.3,1.0,130.0,2.0,129.25,1.0,130.25,5.0,129.22,2.0,131.0,1.0,129.0,1.0,131.89,1.0,127.1,1.0,134.2,5.0,127.0,1.0,137.0,1.0,126.0,1.0,,,125.8,5.0,,,125.7,3.0,,
293,Germany_Baseload#19#0#10000106,2021-10-14 06:52:23.325000,129.5,1.0,129.9,1.0,129.3,1.0,130.0,2.0,129.25,1.0,130.25,5.0,129.22,2.0,131.0,1.0,129.0,1.0,131.89,1.0,127.1,1.0,137.0,1.0,127.0,1.0,,,126.0,1.0,,,125.8,5.0,,,125.7,3.0,,
294,Germany_Baseload#19#0#10000106,2021-10-14 06:52:23.525000,129.5,1.0,129.9,1.0,129.3,1.0,130.0,2.0,129.25,1.0,130.25,5.0,129.22,2.0,131.0,1.0,129.0,1.0,131.89,1.0,127.1,1.0,134.2,5.0,127.0,1.0,137.0,1.0,126.0,1.0,,,125.8,5.0,,,125.7,3.0,,
295,Germany_Baseload#19#0#10000106,2021-10-14 06:52:33.295000,129.5,2.0,129.9,1.0,129.3,1.0,130.0,2.0,129.25,1.0,130.25,5.0,129.22,2.0,131.0,1.0,129.0,1.0,131.89,1.0,127.1,1.0,134.2,5.0,127.0,1.0,137.0,1.0,126.0,1.0,,,125.8,5.0,,,125.7,3.0,,
296,Germany_Baseload#19#0#10000106,2021-10-14 06:52:34.631000,129.5,3.0,129.9,1.0,129.3,1.0,130.0,2.0,129.25,1.0,130.25,5.0,129.22,2.0,131.0,1.0,129.0,1.0,131.89,1.0,127.1,1.0,134.2,5.0,127.0,1.0,137.0,1.0,126.0,1.0,,,125.8,5.0,,,125.7,3.0,,
297,Germany_Baseload#19#0#10000106,2021-10-14 06:52:50.678000,129.5,3.0,129.9,1.0,129.3,1.0,130.0,2.0,129.25,1.0,130.25,5.0,129.22,2.0,131.0,1.0,129.0,1.0,131.89,1.0,127.1,1.0,134.2,5.0,127.0,1.0,137.0,1.0,126.0,5.0,,,125.7,3.0,,,125.0,2.0,,
298,Germany_Baseload#19#0#10000106,2021-10-14 06:52:50.737000,129.5,3.0,129.9,1.0,129.3,1.0,130.0,2.0,129.25,1.0,130.25,5.0,129.22,2.0,131.0,1.0,129.0,1.0,131.89,1.0,127.1,1.0,134.4,5.0,127.0,1.0,137.0,1.0,126.0,5.0,,,125.7,3.0,,,125.0,2.0,,
299,Germany_Baseload#19#0#10000106,2021-10-14 06:52:52.909000,129.5,3.0,129.9,1.0,129.3,1.0,130.0,2.0,129.25,1.0,130.25,5.0,129.22,2.0,131.0,1.0,129.0,1.0,131.89,1.0,127.1,1.0,134.4,5.0,127.0,1.0,137.0,1.0,126.0,5.0,,,125.7,3.0,,,125.0,2.0,,
300,Germany_Baseload#19#0#10000106,2021-10-14 06:52:54.679000,129.5,3.0,130.0,2.0,129.3,1.0,130.25,5.0,129.25,1.0,131.0,1.0,129.22,2.0,131.89,1.0,129.0,1.0,134.4,5.0,127.1,1.0,137.0,1.0,127.0,1.0,,,126.0,5.0,,,125.7,3.0,,,125.0,2.0,,
301,Germany_Baseload#19#0#10000106,2021-10-14 06:52:57.486000,129.5,3.0,130.0,2.0,129.3,1.0,130.25,5.0,129.25,1.0,131.0,1.0,129.22,2.0,131.89,1.0,129.0,1.0,137.0,1.0,127.1,1.0,,,127.0,1.0,,,126.0,5.0,,,125.7,3.0,,,125.0,2.0,,
302,Germany_Baseload#19#0#10000106,2021-10-14 06:52:57.681000,129.5,3.0,130.0,2.0,129.3,1.0,130.25,5.0,129.25,1.0,131.0,1.0,129.22,2.0,131.89,1.0,129.0,1.0,134.4,5.0,127.1,1.0,137.0,1.0,127.0,1.0,,,126.0,5.0,,,125.7,3.0,,,125.0,2.0,,
303,Germany_Baseload#19#0#10000106,2021-10-14 06:52:59.682000,129.5,3.0,130.0,2.0,129.3,1.0,130.25,5.0,129.25,1.0,131.0,1.0,129.22,2.0,131.89,1.0,129.0,1.0,134.6,5.0,127.1,1.0,137.0,1.0,127.0,1.0,,,126.0,5.0,,,125.7,3.0,,,125.0,2.0,,
304,Germany_Baseload#19#0#10000106,2021-10-14 06:53:00.127000,129.5,3.0,130.0,2.0,129.3,1.0,130.25,5.0,129.25,1.0,131.0,1.0,129.22,2.0,131.89,1.0,129.0,1.0,134.6,5.0,127.1,1.0,137.0,1.0,127.0,1.0,,,126.0,1.0,,,125.8,5.0,,,125.7,3.0,,
305,Germany_Baseload#19#0#10000106,2021-10-14 06:53:08.293000,129.5,3.0,130.0,1.0,129.3,1.0,130.24,2.0,129.25,1.0,130.25,5.0,129.22,2.0,131.0,1.0,129.0,1.0,131.89,1.0,127.1,1.0,134.8,5.0,127.0,1.0,137.0,1.0,126.0,1.0,,,125.8,5.0,,,125.7,3.0,,
306,Germany_Baseload#19#0#10000106,2021-10-14 06:53:08.906000,129.5,3.0,130.0,1.0,129.3,1.0,130.2,1.0,129.25,1.0,130.24,2.0,129.22,2.0,130.25,5.0,129.0,1.0,131.0,1.0,127.1,1.0,131.89,1.0,127.0,1.0,134.8,5.0,126.0,1.0,137.0,1.0,125.8,5.0,,,125.7,3.0,,
307,Germany_Baseload#19#0#10000106,2021-10-14 06:53:09.003000,129.5,3.0,130.0,1.0,129.3,1.0,130.2,3.0,129.25,1.0,130.25,5.0,129.22,2.0,131.0,1.0,129.0,1.0,131.89,1.0,127.1,1.0,134.8,5.0,127.0,1.0,137.0,1.0,126.0,1.0,,,125.8,5.0,,,125.7,3.0,,
308,Germany_Baseload#19#0#10000106,2021-10-14 06:53:09.192000,129.5,3.0,130.0,2.0,129.3,1.0,130.25,5.0,129.25,1.0,131.0,1.0,129.22,2.0,131.89,1.0,129.0,1.0,134.8,5.0,127.1,1.0,137.0,1.0,127.0,1.0,,,126.0,1.0,,,125.8,5.0,,,125.7,3.0,,
309,Germany_Baseload#19#0#10000106,2021-10-14 06:53:09.720000,129.5,3.0,130.0,1.0,129.3,1.0,130.2,3.0,129.25,1.0,130.25,5.0,129.22,2.0,131.0,1.0,129.0,1.0,131.89,1.0,127.1,1.0,134.6,5.0,127.0,1.0,137.0,1.0,126.0,1.0,,,125.8,5.0,,,125.7,3.0,,
310,Germany_Baseload#19#0#10000106,2021-10-14 06:53:15.554000,129.5,3.0,130.0,1.0,129.3,1.0,130.2,3.0,129.25,1.0,130.25,5.0,129.22,2.0,131.0,1.0,129.0,1.0,131.89,1.0,127.1,1.0,134.6,5.0,127.0,1.0,137.0,1.0,126.0,1.0,,,125.8,5.0,,,125.7,3.0,,
311,Germany_Baseload#19#0#10000106,2021-10-14 06:53:17.460000,129.5,3.0,130.0,1.0,129.3,1.0,130.2,2.0,129.25,1.0,130.25,5.0,129.22,2.0,131.0,1.0,129.0,1.0,131.89,1.0,127.1,1.0,134.6,5.0,127.0,1.0,137.0,1.0,126.0,1.0,,,125.8,5.0,,,125.7,3.0,,
312,Germany_Baseload#19#0#10000106,2021-10-14 06:53:17.557000,129.5,3.0,130.0,1.0,129.3,1.0,130.24,2.0,129.25,1.0,130.25,5.0,129.22,2.0,131.0,1.0,129.0,1.0,131.89,1.0,127.1,1.0,134.6,5.0,127.0,1.0,137.0,1.0,126.0,1.0,,,125.8,5.0,,,125.7,3.0,,
313,Germany_Baseload#19#0#10000106,2021-10-14 06:53:17.829000,129.5,3.0,130.0,1.0,129.3,1.0,130.24,2.0,129.25,1.0,130.25,5.0,129.22,2.0,131.0,1.0,129.0,1.0,131.89,1.0,127.1,1.0,134.6,5.0,127.0,1.0,137.0,1.0,126.0,1.0,,,125.8,5.0,,,125.7,3.0,,
314,Germany_Baseload#19#0#10000106,2021-10-14 06:53:19.867000,129.5,3.0,130.0,1.0,129.3,1.0,130.24,2.0,129.25,1.0,130.25,5.0,129.22,2.0,131.0,1.0,129.0,1.0,131.89,1.0,128.0,1.0,134.6,5.0,127.1,1.0,137.0,1.0,127.0,1.0,,,126.0,1.0,,,125.8,5.0,,
315,Germany_Baseload#19#0#10000106,2021-10-14 06:53:20.224000,129.5,3.0,130.0,1.0,129.3,1.0,130.24,2.0,129.25,1.0,130.25,5.0,129.22,2.0,131.0,1.0,129.0,1.0,131.89,1.0,128.0,1.0,134.6,5.0,127.1,1.0,137.0,1.0,127.0,1.0,,,126.0,1.0,,,125.8,5.0,,
316,Germany_Baseload#19#0#10000106,2021-10-14 06:53:23.051000,129.5,3.0,130.0,1.0,129.3,1.0,130.24,2.0,129.25,1.0,130.25,5.0,129.22,2.0,131.0,1.0,129.0,1.0,131.89,1.0,128.0,1.0,134.1,1.0,127.1,1.0,134.6,5.0,127.0,1.0,137.0,1.0,126.0,1.0,,,125.8,5.0,,
317,Germany_Baseload#19#0#10000106,2021-10-14 06:53:23.190000,129.5,3.0,130.0,1.0,129.3,1.0,130.24,2.0,129.25,1.0,130.25,5.0,129.22,2.0,131.0,1.0,129.0,1.0,131.89,1.0,128.0,1.0,134.1,1.0,127.1,1.0,134.6,5.0,127.0,1.0,137.0,1.0,126.0,5.0,,,125.7,3.0,,
318,Germany_Baseload#19#0#10000106,2021-10-14 06:53:23.413000,129.5,3.0,130.0,1.0,129.3,1.0,130.24,2.0,129.25,1.0,130.25,5.0,129.22,2.0,131.0,1.0,129.0,1.0,131.89,1.0,128.0,1.0,134.1,1.0,127.1,1.0,134.6,5.0,127.0,1.0,137.0,1.0,126.0,5.0,,,125.7,3.0,,
319,Germany_Baseload#19#0#10000106,2021-10-14 06:53:25.281000,129.5,3.0,130.0,1.0,129.3,1.0,130.24,2.0,129.25,1.0,130.25,5.0,129.22,2.0,131.0,1.0,129.0,1.0,131.6,1.0,128.0,1.0,131.89,1.0,127.1,1.0,134.1,1.0,127.0,1.0,134.6,5.0,126.0,5.0,137.0,1.0,125.7,3.0,,
320,Germany_Baseload#19#0#10000106,2021-10-14 06:53:25.287000,129.5,3.0,130.0,1.0,129.3,1.0,130.24,2.0,129.25,1.0,130.25,5.0,129.22,2.0,131.0,1.0,129.0,1.0,131.6,1.0,128.0,1.0,131.89,1.0,127.1,1.0,134.1,2.0,127.0,1.0,134.6,5.0,126.0,5.0,137.0,1.0,125.7,3.0,,
321,Germany_Baseload#19#0#10000106,2021-10-14 06:53:25.863000,129.5,3.0,130.0,1.0,129.3,1.0,130.24,2.0,129.25,1.0,130.25,5.0,129.22,2.0,131.0,1.0,129.0,1.0,131.6,1.0,128.0,1.0,131.89,1.0,127.1,1.0,134.1,2.0,127.0,1.0,134.6,5.0,126.0,1.0,137.0,1.0,125.8,5.0,,
322,Germany_Baseload#19#0#10000106,2021-10-14 06:53:26.416000,129.5,3.0,130.0,1.0,129.3,1.0,130.24,2.0,129.25,1.0,130.25,5.0,129.22,2.0,131.0,1.0,129.0,1.0,131.6,1.0,128.0,1.0,131.89,1.0,127.1,1.0,134.1,2.0,127.0,1.0,134.6,5.0,126.0,5.0,137.0,1.0,125.7,3.0,,
323,Germany_Baseload#19#0#10000106,2021-10-14 06:53:27.028000,129.5,3.0,130.0,1.0,129.3,1.0,130.24,2.0,129.25,1.0,130.25,5.0,129.22,2.0,131.0,1.0,129.0,1.0,131.6,1.0,128.0,1.0,131.89,1.0,127.1,1.0,134.1,2.0,127.0,1.0,134.6,5.0,126.2,5.0,137.0,1.0,126.0,1.0,,
324,Germany_Baseload#19#0#10000106,2021-10-14 06:53:30.766000,129.5,3.0,130.0,1.0,129.3,1.0,130.2,1.0,129.25,1.0,130.24,2.0,129.22,2.0,130.25,5.0,129.0,1.0,131.0,1.0,128.0,1.0,131.6,1.0,127.1,1.0,131.89,1.0,127.0,1.0,134.1,2.0,126.2,5.0,134.6,5.0,126.0,1.0,137.0,1.0
325,Germany_Baseload#19#0#10000106,2021-10-14 06:53:30.864000,129.5,3.0,130.0,1.0,129.3,1.0,130.2,3.0,129.25,1.0,130.24,2.0,129.22,2.0,130.25,5.0,129.0,1.0,131.0,1.0,128.0,1.0,131.6,1.0,127.1,1.0,131.89,1.0,127.0,1.0,134.1,2.0,126.2,5.0,134.6,5.0,126.0,1.0,137.0,1.0
326,Germany_Baseload#19#0#10000106,2021-10-14 06:53:30.865000,129.5,3.0,130.0,1.0,129.3,1.0,130.2,3.0,129.25,1.0,130.25,5.0,129.22,2.0,131.0,1.0,129.0,1.0,131.6,1.0,128.0,1.0,131.89,1.0,127.1,1.0,134.1,2.0,127.0,1.0,134.6,5.0,126.2,5.0,137.0,1.0,126.0,1.0,,
327,Germany_Baseload#19#0#10000106,2021-10-14 06:53:33.703000,129.5,3.0,130.0,1.0,129.3,1.0,130.2,3.0,129.25,1.0,130.25,5.0,129.22,2.0,131.0,1.0,129.0,1.0,131.6,1.0,128.0,1.0,131.89,1.0,127.1,1.0,134.1,2.0,127.0,1.0,134.6,5.0,126.0,1.0,137.0,1.0,125.8,5.0,,
328,Germany_Baseload#19#0#10000106,2021-10-14 06:53:33.915000,129.5,3.0,130.0,1.0,129.3,1.0,130.2,3.0,129.25,1.0,130.25,5.0,129.22,2.0,131.0,1.0,129.0,1.0,131.6,1.0,128.0,1.0,131.89,1.0,127.1,1.0,134.1,2.0,127.0,1.0,134.6,5.0,126.0,5.0,137.0,1.0,125.7,3.0,,
329,Germany_Baseload#19#0#10000106,2021-10-14 06:53:33.968000,129.5,3.0,130.0,1.0,129.3,1.0,130.2,3.0,129.25,1.0,130.25,5.0,129.22,2.0,131.0,1.0,129.0,1.0,131.6,1.0,128.0,1.0,131.89,1.0,127.1,1.0,134.1,2.0,127.0,1.0,134.4,5.0,126.0,5.0,137.0,1.0,125.7,3.0,,
330,Germany_Baseload#19#0#10000106,2021-10-14 06:53:34.165000,129.5,3.0,130.0,1.0,129.3,1.0,130.2,3.0,129.25,1.0,130.25,5.0,129.22,2.0,131.0,1.0,129.0,1.0,131.6,1.0,128.0,1.0,131.89,1.0,127.1,1.0,134.1,2.0,127.0,1.0,137.0,1.0,126.0,5.0,,,125.7,3.0,,
331,Germany_Baseload#19#0#10000106,2021-10-14 06:53:34.263000,129.5,3.0,130.0,1.0,129.3,1.0,130.2,3.0,129.25,1.0,130.25,5.0,129.22,2.0,131.0,1.0,129.0,1.0,131.6,1.0,128.0,1.0,131.89,1.0,127.1,1.0,134.1,2.0,127.0,1.0,134.2,5.0,126.0,5.0,137.0,1.0,125.7,3.0,,
332,Germany_Baseload#19#0#10000106,2021-10-14 06:53:36.468000,129.5,3.0,130.0,1.0,129.3,1.0,130.2,3.0,129.25,1.0,130.25,5.0,129.22,2.0,131.0,1.0,129.0,1.0,131.6,1.0,128.0,1.0,131.89,1.0,127.1,1.0,134.1,2.0,127.0,1.0,134.2,5.0,126.0,1.0,137.0,1.0,125.8,5.0,,
333,Germany_Baseload#19#0#10000106,2021-10-14 06:53:38.699000,129.55,1.0,130.0,1.0,129.5,3.0,130.2,3.0,129.3,1.0,130.25,5.0,129.25,1.0,131.0,1.0,129.22,2.0,131.6,1.0,129.0,1.0,131.89,1.0,128.0,1.0,134.1,2.0,127.1,1.0,134.2,5.0,127.0,1.0,137.0,1.0,126.0,1.0,,
334,Germany_Baseload#19#0#10000106,2021-10-14 06:53:38.714000,129.55,1.0,130.0,1.0,129.5,3.0,130.2,3.0,129.3,1.0,130.25,5.0,129.25,1.0,131.0,1.0,129.22,2.0,131.6,1.0,129.0,1.0,131.89,1.0,128.0,1.0,134.1,2.0,127.1,1.0,137.0,1.0,127.0,1.0,,,126.0,1.0,,
335,Germany_Baseload#19#0#10000106,2021-10-14 06:53:38.850000,129.55,1.0,130.0,1.0,129.5,3.0,130.2,3.0,129.3,1.0,130.25,5.0,129.25,1.0,131.0,1.0,129.22,2.0,131.6,1.0,129.0,1.0,131.89,1.0,128.0,1.0,134.1,2.0,127.1,1.0,134.4,5.0,127.0,1.0,137.0,1.0,126.0,1.0,,
336,Germany_Baseload#19#0#10000106,2021-10-14 06:53:41.121000,129.55,1.0,130.0,1.0,129.5,2.0,130.2,3.0,129.3,1.0,130.25,5.0,129.25,1.0,131.0,1.0,129.22,2.0,131.6,1.0,129.0,1.0,131.89,1.0,128.0,1.0,134.1,2.0,127.1,1.0,134.4,5.0,127.0,1.0,137.0,1.0,126.0,1.0,,
337,Germany_Baseload#19#0#10000106,2021-10-14 06:53:45.293000,129.55,1.0,130.0,1.0,129.5,2.0,130.2,3.0,129.3,1.0,130.25,5.0,129.25,1.0,131.0,1.0,129.22,2.0,131.6,1.0,129.0,1.0,131.89,1.0,128.0,1.0,134.1,2.0,127.1,1.0,134.4,5.0,127.0,1.0,137.0,1.0,126.0,5.0,,
338,Germany_Baseload#19#0#10000106,2021-10-14 06:53:47.715000,129.5,2.0,130.0,1.0,129.3,1.0,130.2,3.0,129.25,1.0,130.25,5.0,129.22,2.0,131.0,1.0,129.0,1.0,131.6,1.0,128.0,1.0,131.89,1.0,127.1,1.0,134.1,2.0,127.0,1.0,134.4,5.0,126.0,5.0,137.0,1.0,125.7,3.0,,
339,Germany_Baseload#19#0#10000106,2021-10-14 06:53:50.124000,129.5,2.0,130.0,1.0,129.3,1.0,130.2,3.0,129.25,1.0,130.25,5.0,129.22,2.0,131.0,1.0,129.0,1.0,131.6,1.0,128.0,1.0,131.89,1.0,127.1,1.0,134.1,2.0,127.0,1.0,134.4,5.0,126.0,1.0,137.0,1.0,125.8,5.0,,
340,Germany_Baseload#19#0#10000106,2021-10-14 06:53:54.312000,129.5,2.0,130.0,1.0,129.3,1.0,130.2,3.0,129.25,1.0,130.25,5.0,129.22,2.0,131.0,1.0,129.0,1.0,131.6,1.0,128.0,1.0,131.89,1.0,127.1,1.0,134.1,2.0,127.0,1.0,134.4,5.0,126.0,5.0,137.0,1.0,125.7,3.0,,
341,Germany_Baseload#19#0#10000106,2021-10-14 06:54:01.449000,129.5,2.0,130.2,3.0,129.3,1.0,130.25,5.0,129.25,1.0,131.0,1.0,129.22,2.0,131.6,1.0,129.0,1.0,131.89,1.0,128.0,1.0,134.1,2.0,127.1,1.0,134.4,5.0,127.0,1.0,137.0,1.0,126.0,5.0,,,125.7,3.0,,
342,Germany_Baseload#19#0#10000106,2021-10-14 06:54:01.788000,129.5,2.0,130.2,2.0,129.3,1.0,130.25,5.0,129.25,1.0,131.0,1.0,129.22,2.0,131.6,1.0,129.0,1.0,131.89,1.0,128.0,1.0,134.1,2.0,127.1,1.0,134.4,5.0,127.0,1.0,137.0,1.0,126.0,5.0,,,125.7,3.0,,
343,Germany_Baseload#19#0#10000106,2021-10-14 06:54:01.886000,129.5,2.0,130.24,2.0,129.3,1.0,130.25,5.0,129.25,1.0,131.0,1.0,129.22,2.0,131.6,1.0,129.0,1.0,131.89,1.0,128.0,1.0,134.1,2.0,127.1,1.0,134.4,5.0,127.0,1.0,137.0,1.0,126.0,5.0,,,125.7,3.0,,
344,Germany_Baseload#19#0#10000106,2021-10-14 06:54:04.220000,129.5,2.0,130.25,5.0,129.3,1.0,131.0,1.0,129.25,1.0,131.6,1.0,129.22,2.0,131.89,1.0,129.0,1.0,134.1,2.0,128.0,1.0,134.4,5.0,127.1,1.0,137.0,1.0,127.0,1.0,,,126.0,5.0,,,125.7,3.0,,
345,Germany_Baseload#19#0#10000106,2021-10-14 06:54:11.619000,129.5,2.0,130.25,5.0,129.3,1.0,130.8,1.0,129.25,1.0,131.0,1.0,129.22,2.0,131.6,1.0,129.0,1.0,131.89,1.0,128.0,1.0,134.1,2.0,127.1,1.0,134.4,5.0,127.0,1.0,137.0,1.0,126.0,5.0,,,125.7,3.0,,
346,Germany_Baseload#19#0#10000106,2021-10-14 06:54:13.777000,130.0,1.0,130.25,5.0,129.5,2.0,130.8,1.0,129.3,1.0,131.0,1.0,129.25,1.0,131.6,1.0,129.22,2.0,131.89,1.0,129.0,1.0,134.1,2.0,128.0,1.0,134.4,5.0,127.1,1.0,137.0,1.0,127.0,1.0,,,126.0,5.0,,
347,Germany_Baseload#19#0#10000106,2021-10-14 06:54:15.153000,130.0,1.0,130.25,5.0,129.5,2.0,130.8,1.0,129.3,1.0,131.0,1.0,129.25,1.0,131.89,1.0,129.22,2.0,134.1,2.0,129.0,1.0,134.4,5.0,128.0,1.0,137.0,1.0,127.1,1.0,,,127.0,1.0,,,126.0,5.0,,
348,Germany_Baseload#19#0#10000106,2021-10-14 06:54:15.900000,130.0,1.0,130.25,5.0,129.5,2.0,130.8,1.0,129.3,1.0,131.0,1.0,129.25,1.0,131.89,1.0,129.22,2.0,134.1,1.0,129.0,1.0,134.4,5.0,128.0,1.0,137.0,1.0,127.1,1.0,,,127.0,1.0,,,126.0,5.0,,
349,Germany_Baseload#19#0#10000106,2021-10-14 06:54:17.406000,130.0,1.0,130.2,1.0,129.5,2.0,130.25,5.0,129.3,1.0,130.8,1.0,129.25,1.0,131.0,1.0,129.22,2.0,131.89,1.0,129.0,1.0,134.1,1.0,128.0,1.0,134.4,5.0,127.1,1.0,137.0,1.0,127.0,1.0,,,126.0,5.0,,
350,Germany_Baseload#19#0#10000106,2021-10-14 06:54:20.315000,130.0,1.0,130.25,5.0,129.5,2.0,130.8,1.0,129.3,1.0,131.0,1.0,129.25,1.0,131.89,1.0,129.22,2.0,134.1,1.0,129.0,1.0,134.4,5.0,128.0,1.0,137.0,1.0,127.1,1.0,,,127.0,1.0,,,126.0,5.0,,
351,Germany_Baseload#19#0#10000106,2021-10-14 06:54:22.029000,130.0,1.0,130.25,5.0,129.5,2.0,130.8,1.0,129.3,1.0,131.0,1.0,129.25,1.0,131.89,1.0,129.22,2.0,134.1,1.0,129.0,1.0,134.4,5.0,128.0,1.0,137.0,1.0,127.1,1.0,,,127.0,1.0,,,126.0,5.0,,
352,Germany_Baseload#19#0#10000106,2021-10-14 06:54:26.027000,130.0,1.0,130.25,5.0,129.5,2.0,130.8,1.0,129.3,1.0,131.0,1.0,129.25,1.0,131.89,1.0,129.22,2.0,134.1,2.0,129.0,1.0,134.4,5.0,128.0,1.0,137.0,1.0,127.1,1.0,,,127.0,1.0,,,126.0,5.0,,
353,Germany_Baseload#19#0#10000106,2021-10-14 06:54:36.636000,130.0,2.0,130.25,5.0,129.5,2.0,130.8,1.0,129.3,1.0,131.0,1.0,129.25,1.0,131.89,1.0,129.22,2.0,134.1,2.0,129.0,1.0,134.4,5.0,128.0,1.0,137.0,1.0,127.1,1.0,,,127.0,1.0,,,126.0,5.0,,
354,Germany_Baseload#19#0#10000106,2021-10-14 06:54:37.210000,130.0,2.0,130.8,1.0,129.5,2.0,131.0,1.0,129.3,1.0,131.89,1.0,129.25,1.0,134.1,2.0,129.22,2.0,134.4,5.0,129.0,1.0,137.0,1.0,128.0,1.0,,,127.1,1.0,,,127.0,1.0,,,126.0,5.0,,
355,Germany_Baseload#19#0#10000106,2021-10-14 06:54:38.862000,130.0,2.0,131.0,1.0,129.5,2.0,131.89,1.0,129.3,1.0,134.1,2.0,129.25,1.0,134.4,5.0,129.22,2.0,137.0,1.0,129.0,1.0,,,128.0,1.0,,,127.1,1.0,,,127.0,1.0,,,126.0,5.0,,
356,Germany_Baseload#19#0#10000106,2021-10-14 06:54:42.737000,130.0,2.0,130.5,1.0,129.5,2.0,131.0,1.0,129.3,1.0,131.89,1.0,129.25,1.0,134.1,2.0,129.22,2.0,134.4,5.0,129.0,1.0,137.0,1.0,128.0,1.0,,,127.1,1.0,,,127.0,1.0,,,126.0,5.0,,
357,Germany_Baseload#19#0#10000106,2021-10-14 06:54:44.773000,130.0,2.0,130.5,1.0,129.5,2.0,131.0,1.0,129.3,1.0,131.89,1.0,129.25,1.0,134.1,2.0,129.22,2.0,134.4,5.0,129.0,1.0,137.0,1.0,128.0,1.0,,,127.1,1.0,,,127.0,1.0,,,126.0,5.0,,
358,Germany_Baseload#19#0#10000106,2021-10-14 06:54:45.829000,130.0,2.0,130.4,1.0,129.5,2.0,130.5,1.0,129.3,1.0,131.0,1.0,129.25,1.0,131.89,1.0,129.22,2.0,134.1,2.0,129.0,1.0,134.4,5.0,128.0,1.0,137.0,1.0,127.1,1.0,,,127.0,1.0,,,126.0,5.0,,
359,Germany_Baseload#19#0#10000106,2021-10-14 06:54:48.464000,130.0,2.0,130.4,1.0,129.5,2.0,130.5,1.0,129.3,1.0,131.0,1.0,129.25,1.0,131.8,1.0,129.22,2.0,131.89,1.0,129.0,1.0,134.1,2.0,128.0,1.0,134.4,5.0,127.1,1.0,137.0,1.0,127.0,1.0,,,126.0,5.0,,
360,Germany_Baseload#19#0#10000106,2021-10-14 06:54:48.806000,130.0,2.0,130.4,1.0,129.5,2.0,130.5,1.0,129.3,1.0,131.0,1.0,129.25,1.0,131.89,1.0,129.22,2.0,134.1,2.0,129.0,1.0,134.4,5.0,128.0,1.0,137.0,1.0,127.1,1.0,,,127.0,1.0,,,126.0,1.0,,
361,Germany_Baseload#19#0#10000106,2021-10-14 06:54:49.016000,130.0,2.0,130.4,1.0,129.5,2.0,130.5,1.0,129.3,1.0,131.0,1.0,129.25,1.0,131.89,1.0,129.22,2.0,134.1,2.0,129.0,1.0,134.4,5.0,128.0,1.0,137.0,1.0,127.1,1.0,,,127.0,1.0,,,126.0,5.0,,
362,Germany_Baseload#19#0#10000106,2021-10-14 06:54:55.159000,130.0,2.0,130.4,1.0,129.5,2.0,130.5,1.0,129.3,1.0,131.0,1.0,129.25,1.0,131.8,1.0,129.22,2.0,131.89,1.0,129.0,1.0,134.1,2.0,128.0,1.0,134.4,5.0,127.1,1.0,137.0,1.0,127.0,1.0,,,126.0,5.0,,
363,Germany_Baseload#19#0#10000106,2021-10-14 06:54:57.571000,130.0,2.0,130.4,1.0,129.5,2.0,130.5,1.0,129.3,1.0,131.0,1.0,129.25,1.0,131.8,1.0,129.22,2.0,131.89,1.0,129.05,1.0,134.1,2.0,129.0,1.0,134.4,5.0,128.0,1.0,137.0,1.0,127.1,1.0,,,127.0,1.0,,
364,Germany_Baseload#19#0#10000106,2021-10-14 06:54:57.572000,130.0,2.0,130.4,1.0,129.5,2.0,130.5,1.0,129.3,1.0,131.0,1.0,129.25,1.0,131.8,1.0,129.22,2.0,131.89,1.0,129.05,1.0,134.1,2.0,129.0,1.0,134.4,5.0,128.0,1.0,137.0,1.0,127.1,1.0,,,127.0,1.0,,
365,Germany_Baseload#19#0#10000106,2021-10-14 06:54:57.723000,130.0,2.0,130.4,1.0,129.5,2.0,130.5,1.0,129.3,1.0,131.0,1.0,129.25,1.0,131.8,1.0,129.22,2.0,131.89,1.0,129.1,1.0,134.1,2.0,129.0,1.0,134.4,5.0,128.0,1.0,137.0,1.0,127.1,1.0,,,127.0,1.0,,
366,Germany_Baseload#19#0#10000106,2021-10-14 06:54:58.827000,130.0,2.0,130.4,1.0,129.5,2.0,130.5,1.0,129.3,1.0,131.0,1.0,129.25,1.0,131.8,1.0,129.22,2.0,131.89,1.0,129.1,1.0,134.1,2.0,129.0,1.0,137.0,1.0,128.0,1.0,151.2,5.0,127.1,1.0,,,127.0,1.0,,
367,Germany_Baseload#19#0#10000106,2021-10-14 06:55:11.159000,130.0,2.0,130.4,1.0,129.6,1.0,130.5,1.0,129.5,2.0,131.0,1.0,129.3,1.0,131.8,1.0,129.25,1.0,131.89,1.0,129.22,2.0,134.1,2.0,129.1,1.0,137.0,1.0,129.0,1.0,151.2,5.0,128.0,1.0,,,127.1,1.0,,
368,Germany_Baseload#19#0#10000106,2021-10-14 06:55:24.016000,130.0,2.0,130.4,1.0,129.6,1.0,130.5,1.0,129.5,2.0,131.0,1.0,129.3,1.0,131.8,1.0,129.25,1.0,131.89,1.0,129.22,2.0,134.1,2.0,129.1,1.0,137.0,1.0,129.0,1.0,151.2,5.0,128.0,1.0,,,127.1,1.0,,
369,Germany_Baseload#19#0#10000106,2021-10-14 06:55:28.355000,130.0,2.0,130.4,1.0,129.6,1.0,130.5,1.0,129.5,2.0,131.0,1.0,129.3,1.0,131.8,1.0,129.25,1.0,131.89,1.0,129.22,2.0,134.1,2.0,129.1,1.0,137.0,1.0,129.0,1.0,151.2,5.0,128.0,1.0,,,127.1,1.0,,
370,Germany_Baseload#19#0#10000106,2021-10-14 06:55:30.605000,130.0,2.0,130.4,1.0,129.6,1.0,130.5,1.0,129.5,2.0,131.0,1.0,129.3,1.0,131.8,1.0,129.25,1.0,131.89,1.0,129.22,2.0,134.1,2.0,129.1,1.0,137.0,1.0,129.0,1.0,151.2,5.0,128.0,1.0,,,127.1,1.0,,
371,Germany_Baseload#19#0#10000106,2021-10-14 06:55:34.228000,130.0,2.0,130.4,1.0,129.6,1.0,130.5,1.0,129.5,2.0,131.0,1.0,129.3,1.0,131.8,1.0,129.25,1.0,131.89,1.0,129.22,2.0,134.1,2.0,129.1,1.0,134.2,5.0,129.0,1.0,137.0,1.0,128.0,1.0,,,127.1,1.0,,
372,Germany_Baseload#19#0#10000106,2021-10-14 06:55:37.963000,130.0,2.0,130.4,1.0,129.6,1.0,130.5,1.0,129.5,2.0,131.0,1.0,129.3,1.0,131.8,1.0,129.25,1.0,131.89,1.0,129.22,2.0,134.1,2.0,129.1,1.0,134.2,5.0,129.0,1.0,137.0,1.0,128.0,1.0,,,127.1,1.0,,
373,Germany_Baseload#19#0#10000106,2021-10-14 06:55:39.177000,130.0,2.0,130.4,1.0,129.6,1.0,130.5,1.0,129.5,2.0,130.9,1.0,129.3,1.0,131.0,1.0,129.25,1.0,131.8,1.0,129.22,2.0,131.89,1.0,129.1,1.0,134.1,2.0,129.0,1.0,134.2,5.0,128.0,1.0,137.0,1.0,127.1,1.0,,
374,Germany_Baseload#19#0#10000106,2021-10-14 06:55:39.427000,130.0,2.0,130.4,1.0,129.6,1.0,130.5,1.0,129.5,2.0,130.9,1.0,129.3,1.0,131.0,1.0,129.25,1.0,131.8,1.0,129.22,2.0,131.89,1.0,129.1,1.0,134.1,2.0,129.0,1.0,134.2,5.0,128.0,1.0,137.0,1.0,127.1,1.0,,
375,Germany_Baseload#19#0#10000106,2021-10-14 06:55:39.627000,130.0,2.0,130.4,1.0,129.6,1.0,130.5,1.0,129.5,2.0,130.9,1.0,129.3,1.0,131.0,1.0,129.25,1.0,131.8,1.0,129.22,2.0,131.89,1.0,129.1,1.0,134.1,2.0,129.0,1.0,134.2,5.0,128.0,1.0,137.0,1.0,127.1,1.0,,
376,Germany_Baseload#19#0#10000106,2021-10-14 06:55:42.229000,130.0,2.0,130.4,1.0,129.6,1.0,130.5,1.0,129.5,2.0,130.9,1.0,129.3,1.0,131.0,1.0,129.25,1.0,131.8,1.0,129.22,2.0,131.89,1.0,129.1,1.0,134.1,2.0,129.0,1.0,137.0,1.0,128.0,1.0,151.2,5.0,127.1,1.0,,
377,Germany_Baseload#19#0#10000106,2021-10-14 06:55:43.581000,130.0,2.0,130.4,1.0,129.6,1.0,130.5,1.0,129.5,2.0,130.9,1.0,129.3,1.0,131.0,6.0,129.25,1.0,131.8,1.0,129.22,2.0,131.89,1.0,129.1,1.0,134.1,2.0,129.0,1.0,137.0,1.0,128.0,1.0,151.2,5.0,127.1,1.0,,
378,Germany_Baseload#19#0#10000106,2021-10-14 06:55:47.084000,130.0,2.0,130.4,1.0,129.6,1.0,130.5,1.0,129.5,2.0,130.9,1.0,129.3,1.0,131.0,6.0,129.25,1.0,131.8,1.0,129.22,2.0,131.89,1.0,129.1,1.0,134.1,2.0,129.0,1.0,137.0,1.0,128.0,1.0,151.2,5.0,127.1,1.0,,
379,Germany_Baseload#19#0#10000106,2021-10-14 06:55:51.262000,130.0,2.0,130.4,1.0,129.6,1.0,130.5,1.0,129.5,2.0,130.9,1.0,129.3,1.0,131.0,6.0,129.25,1.0,131.8,1.0,129.22,2.0,131.89,1.0,129.1,1.0,134.1,2.0,129.0,1.0,137.0,1.0,128.0,1.0,,,127.1,1.0,,
380,Germany_Baseload#19#0#10000106,2021-10-14 06:55:55.758000,130.0,2.0,130.4,1.0,129.6,1.0,130.5,1.0,129.5,2.0,130.9,1.0,129.3,1.0,131.0,6.0,129.25,1.0,131.8,1.0,129.22,2.0,131.89,1.0,129.1,1.0,134.1,2.0,129.0,1.0,137.0,1.0,128.0,1.0,,,127.1,1.0,,
381,Germany_Baseload#19#0#10000106,2021-10-14 06:56:06.176000,130.0,2.0,130.4,1.0,129.6,1.0,130.5,1.0,129.5,2.0,130.9,1.0,129.3,1.0,131.0,6.0,129.25,1.0,131.8,1.0,129.22,2.0,131.89,1.0,129.1,1.0,134.1,2.0,129.0,1.0,134.4,5.0,128.0,1.0,137.0,1.0,127.1,1.0,,
382,Germany_Baseload#19#0#10000106,2021-10-14 06:56:08.045000,130.0,2.0,130.5,1.0,129.6,1.0,130.9,1.0,129.5,2.0,131.0,6.0,129.3,1.0,131.8,1.0,129.25,1.0,131.89,1.0,129.22,2.0,134.1,2.0,129.1,1.0,134.4,5.0,129.0,1.0,137.0,1.0,128.0,1.0,,,127.1,1.0,,
383,Germany_Baseload#19#0#10000106,2021-10-14 06:56:08.589000,130.0,2.0,130.5,1.0,129.6,1.0,130.9,1.0,129.5,2.0,131.0,6.0,129.3,1.0,131.8,1.0,129.25,1.0,131.89,1.0,129.22,2.0,134.1,2.0,129.1,1.0,134.4,5.0,129.0,1.0,137.0,1.0,128.0,1.0,,,127.1,1.0,,
384,Germany_Baseload#19#0#10000106,2021-10-14 06:56:08.782000,130.0,2.0,130.5,1.0,129.6,1.0,130.9,1.0,129.5,2.0,131.0,6.0,129.3,1.0,131.8,1.0,129.25,1.0,131.89,1.0,129.22,2.0,134.1,2.0,129.1,1.0,134.4,5.0,129.0,1.0,137.0,1.0,128.0,1.0,,,127.1,1.0,,
385,Germany_Baseload#19#0#10000106,2021-10-14 06:56:11.121000,130.0,2.0,130.9,1.0,129.6,1.0,131.0,6.0,129.5,2.0,131.8,1.0,129.3,1.0,131.89,1.0,129.25,1.0,134.1,2.0,129.22,2.0,134.4,5.0,129.1,1.0,137.0,1.0,129.0,1.0,,,128.0,1.0,,,127.1,1.0,,
386,Germany_Baseload#19#0#10000106,2021-10-14 06:56:13.436000,130.0,2.0,130.9,1.0,129.6,1.0,131.0,6.0,129.5,2.0,131.8,1.0,129.3,1.0,131.89,1.0,129.25,1.0,134.1,2.0,129.22,2.0,134.4,5.0,129.1,1.0,137.0,1.0,129.0,1.0,,,128.0,1.0,,,127.1,1.0,,
387,Germany_Baseload#19#0#10000106,2021-10-14 06:56:13.666000,130.0,2.0,131.0,6.0,129.6,1.0,131.8,1.0,129.5,2.0,131.89,1.0,129.3,1.0,134.1,2.0,129.25,1.0,134.4,5.0,129.22,2.0,137.0,1.0,129.1,1.0,,,129.0,1.0,,,128.0,1.0,,,127.1,1.0,,
388,Germany_Baseload#19#0#10000106,2021-10-14 06:56:24.909000,130.0,2.0,130.5,1.0,129.6,1.0,131.0,6.0,129.5,2.0,131.8,1.0,129.3,1.0,131.89,1.0,129.25,1.0,134.1,2.0,129.22,2.0,134.4,5.0,129.1,1.0,137.0,1.0,129.0,1.0,,,128.0,1.0,,,127.1,1.0,,
389,Germany_Baseload#19#0#10000106,2021-10-14 06:56:25.229000,130.0,2.0,130.5,1.0,129.6,1.0,131.0,6.0,129.5,2.0,131.8,1.0,129.3,1.0,131.89,1.0,129.25,1.0,134.1,2.0,129.22,2.0,134.2,5.0,129.1,1.0,137.0,1.0,129.0,1.0,,,128.0,1.0,,,127.1,1.0,,
390,Germany_Baseload#19#0#10000106,2021-10-14 06:56:25.752000,130.0,2.0,130.5,1.0,129.7,1.0,131.0,6.0,129.5,2.0,131.8,1.0,129.3,1.0,131.89,1.0,129.25,1.0,134.1,2.0,129.22,2.0,134.2,5.0,129.1,1.0,137.0,1.0,129.0,1.0,,,128.0,1.0,,,127.1,1.0,,
391,Germany_Baseload#19#0#10000106,2021-10-14 06:56:39.896000,130.0,2.0,130.5,1.0,129.7,1.0,131.0,6.0,129.5,2.0,131.8,1.0,129.3,1.0,131.89,1.0,129.25,1.0,134.1,2.0,129.22,2.0,134.2,5.0,129.1,1.0,137.0,1.0,129.0,1.0,,,128.0,1.0,,,127.1,1.0,,
392,Germany_Baseload#19#0#10000106,2021-10-14 06:56:41.126000,130.0,2.0,130.5,1.0,129.7,1.0,131.0,6.0,129.5,2.0,131.8,1.0,129.3,1.0,131.89,1.0,129.25,1.0,134.1,2.0,129.22,2.0,134.2,5.0,129.1,1.0,137.0,1.0,129.0,1.0,,,128.0,1.0,,,127.1,1.0,,
393,Germany_Baseload#19#0#10000106,2021-10-14 06:56:53.692000,130.0,2.0,131.0,6.0,129.7,1.0,131.8,1.0,129.5,2.0,131.89,1.0,129.3,1.0,134.1,2.0,129.25,1.0,134.2,5.0,129.22,2.0,137.0,1.0,129.1,1.0,,,129.0,1.0,,,128.0,1.0,,,127.1,1.0,,
394,Germany_Baseload#19#0#10000106,2021-10-14 06:57:02.961000,130.0,3.0,131.0,6.0,129.7,1.0,131.8,1.0,129.5,2.0,131.89,1.0,129.3,1.0,134.1,2.0,129.25,1.0,134.2,5.0,129.22,2.0,137.0,1.0,129.1,1.0,,,129.0,1.0,,,128.0,1.0,,,127.1,1.0,,
395,Germany_Baseload#19#0#10000106,2021-10-14 06:57:05.240000,130.0,3.0,131.0,5.0,129.7,1.0,131.8,1.0,129.5,2.0,131.89,1.0,129.3,1.0,132.0,1.0,129.25,1.0,134.1,2.0,129.22,2.0,134.2,5.0,129.1,1.0,137.0,1.0,129.0,1.0,,,128.0,1.0,,,127.1,1.0,,
396,Germany_Baseload#19#0#10000106,2021-10-14 06:57:07.774000,130.0,3.0,131.0,6.0,129.7,1.0,131.8,1.0,129.5,2.0,131.89,1.0,129.3,1.0,132.0,1.0,129.25,1.0,134.1,2.0,129.22,2.0,134.2,5.0,129.1,1.0,137.0,1.0,129.0,1.0,,,128.0,1.0,,,127.1,1.0,,
397,Germany_Baseload#19#0#10000106,2021-10-14 06:57:36.615000,130.0,3.0,131.0,6.0,129.5,2.0,131.8,1.0,129.3,1.0,131.89,1.0,129.25,1.0,132.0,1.0,129.22,2.0,134.1,2.0,129.1,1.0,134.2,5.0,129.0,1.0,137.0,1.0,128.0,1.0,,,127.1,1.0,,,127.0,3.0,,
398,Germany_Baseload#19#0#10000106,2021-10-14 06:57:56.704000,130.0,3.0,131.0,6.0,129.5,1.0,131.8,1.0,129.3,1.0,131.89,1.0,129.25,1.0,132.0,1.0,129.22,2.0,134.1,2.0,129.1,1.0,134.2,5.0,129.0,1.0,137.0,1.0,128.0,1.0,,,127.1,1.0,,,127.0,3.0,,
399,Germany_Baseload#19#0#10000106,2021-10-14 06:57:58.396000,130.0,3.0,131.0,6.0,129.5,1.0,131.8,1.0,129.3,1.0,131.89,1.0,129.25,1.0,132.0,1.0,129.22,2.0,134.1,2.0,129.0,1.0,134.2,5.0,128.0,1.0,137.0,1.0,127.1,1.0,,,127.0,3.0,,,126.0,1.0,,
400,Germany_Baseload#19#0#10000106,2021-10-14 06:58:06.552000,130.0,3.0,131.0,6.0,129.5,1.0,131.4,1.0,129.3,1.0,131.89,1.0,129.25,1.0,132.0,1.0,129.22,2.0,134.1,2.0,129.0,1.0,134.2,5.0,128.0,1.0,137.0,1.0,127.1,1.0,,,127.0,3.0,,,126.0,1.0,,
401,Germany_Baseload#19#0#10000106,2021-10-14 06:58:10.973000,130.0,3.0,130.5,1.0,129.5,1.0,131.0,6.0,129.3,1.0,131.4,1.0,129.25,1.0,131.89,1.0,129.22,2.0,132.0,1.0,129.0,1.0,134.1,2.0,128.0,1.0,134.2,5.0,127.1,1.0,137.0,1.0,127.0,3.0,,,126.0,1.0,,
402,Germany_Baseload#19#0#10000106,2021-10-14 06:58:19.267000,130.0,3.0,130.5,1.0,129.5,1.0,131.0,6.0,129.3,1.0,131.4,1.0,129.25,1.0,131.89,1.0,129.22,2.0,132.0,1.0,129.0,1.0,134.1,2.0,128.0,1.0,134.2,5.0,127.1,1.0,137.0,1.0,127.0,3.0,,,126.0,1.0,,
403,Germany_Baseload#19#0#10000106,2021-10-14 06:58:26.459000,130.0,3.0,130.5,1.0,129.5,1.0,131.0,6.0,129.3,1.0,131.4,1.0,129.25,1.0,131.89,1.0,129.22,2.0,132.0,1.0,129.0,1.0,134.1,2.0,128.0,1.0,134.2,5.0,127.1,1.0,137.0,1.0,127.0,3.0,,,126.0,1.0,,
404,Germany_Baseload#19#0#10000106,2021-10-14 06:58:40.977000,130.0,3.0,130.5,1.0,129.5,1.0,131.0,6.0,129.3,1.0,131.4,1.0,129.25,1.0,131.89,1.0,129.22,2.0,132.0,1.0,129.0,1.0,134.1,2.0,128.0,1.0,134.2,5.0,127.1,1.0,137.0,1.0,127.0,3.0,,,126.0,1.0,,
405,Germany_Baseload#19#0#10000106,2021-10-14 06:58:46.704000,130.0,3.0,130.5,1.0,129.5,1.0,131.0,6.0,129.3,1.0,131.4,1.0,129.25,1.0,131.89,1.0,129.22,2.0,132.0,1.0,129.0,1.0,134.1,2.0,128.0,1.0,134.2,5.0,127.1,1.0,137.0,1.0,127.0,3.0,,,126.0,1.0,,
406,Germany_Baseload#19#0#10000106,2021-10-14 06:59:06.435000,130.0,3.0,130.5,1.0,129.5,1.0,131.0,6.0,129.3,1.0,131.4,1.0,129.25,1.0,131.89,1.0,129.22,2.0,132.0,1.0,129.0,1.0,134.1,2.0,128.0,1.0,137.0,1.0,127.1,1.0,,,127.0,3.0,,,126.0,1.0,,
407,Germany_Baseload#19#0#10000106,2021-10-14 06:59:06.709000,130.0,3.0,130.5,1.0,129.5,1.0,131.0,6.0,129.3,1.0,131.4,1.0,129.25,1.0,131.89,1.0,129.22,2.0,132.0,1.0,129.0,1.0,134.1,2.0,128.0,1.0,137.0,1.0,127.1,1.0,151.2,5.0,127.0,3.0,,,126.0,1.0,,
408,Germany_Baseload#19#0#10000106,2021-10-14 06:59:08.826000,130.0,1.0,130.5,1.0,129.5,1.0,131.0,6.0,129.3,1.0,131.4,1.0,129.25,1.0,131.89,1.0,129.22,2.0,132.0,1.0,129.0,1.0,134.1,2.0,128.0,1.0,137.0,1.0,127.1,1.0,151.2,5.0,127.0,3.0,,,126.0,1.0,,
409,Germany_Baseload#19#0#10000106,2021-10-14 06:59:11.688000,130.0,1.0,130.5,1.0,129.5,1.0,131.0,6.0,129.3,1.0,131.4,1.0,129.25,1.0,131.89,1.0,129.22,2.0,132.0,1.0,129.0,1.0,134.1,2.0,128.0,1.0,137.0,1.0,127.1,1.0,151.2,5.0,127.0,3.0,,,126.0,1.0,,
410,Germany_Baseload#19#0#10000106,2021-10-14 06:59:11.889000,130.0,1.0,130.5,1.0,129.5,1.0,131.0,6.0,129.3,1.0,131.4,1.0,129.25,1.0,131.89,1.0,129.22,2.0,132.0,1.0,129.0,1.0,134.1,2.0,128.0,1.0,137.0,1.0,127.1,1.0,151.2,5.0,127.0,3.0,,,126.0,1.0,,
411,Germany_Baseload#19#0#10000106,2021-10-14 06:59:12.099000,130.0,1.0,130.5,1.0,129.5,1.0,131.0,6.0,129.3,1.0,131.4,1.0,129.25,1.0,131.89,1.0,129.22,2.0,132.0,1.0,129.0,1.0,134.1,2.0,128.0,1.0,137.0,1.0,127.1,1.0,,,127.0,3.0,,,126.0,1.0,,
412,Germany_Baseload#19#0#10000106,2021-10-14 06:59:14.087000,130.0,1.0,130.5,1.0,129.5,1.0,131.0,6.0,129.3,1.0,131.4,1.0,129.25,1.0,131.89,1.0,129.22,2.0,132.0,1.0,129.0,1.0,134.1,2.0,128.0,1.0,137.0,1.0,127.1,1.0,,,127.0,3.0,,,126.0,1.0,,
413,Germany_Baseload#19#0#10000106,2021-10-14 06:59:14.290000,130.0,1.0,130.5,1.0,129.5,1.0,131.0,6.0,129.3,1.0,131.4,1.0,129.25,1.0,131.89,1.0,129.22,2.0,132.0,1.0,129.0,1.0,134.1,2.0,128.0,1.0,137.0,1.0,127.1,1.0,,,127.0,3.0,,,126.0,1.0,,
414,Germany_Baseload#19#0#10000106,2021-10-14 06:59:24.725000,130.0,1.0,130.5,1.0,129.5,1.0,130.9,1.0,129.3,1.0,131.0,6.0,129.25,1.0,131.89,1.0,129.22,2.0,132.0,1.0,129.0,1.0,134.1,2.0,128.0,1.0,137.0,1.0,127.1,1.0,,,127.0,3.0,,,126.0,1.0,,
415,Germany_Baseload#19#0#10000106,2021-10-14 06:59:26.935000,130.0,1.0,130.5,1.0,129.5,1.0,130.9,1.0,129.3,1.0,131.0,6.0,129.25,1.0,131.89,1.0,129.22,2.0,132.0,1.0,129.0,1.0,134.1,2.0,128.0,1.0,137.0,1.0,127.1,1.0,151.2,5.0,127.0,3.0,,,126.0,1.0,,
416,Germany_Baseload#19#0#10000106,2021-10-14 06:59:35.978000,130.0,4.0,130.5,1.0,129.5,2.0,130.9,1.0,129.45,1.0,131.0,6.0,129.3,1.0,131.89,1.0,129.25,1.0,132.0,1.0,129.22,2.0,134.1,2.0,129.0,1.0,137.0,1.0,128.0,1.0,151.2,5.0,127.1,1.0,,,127.0,3.0,,
417,Germany_Baseload#19#0#10000106,2021-10-14 06:59:38.618000,130.0,4.0,130.5,1.0,129.5,2.0,130.9,1.0,129.45,1.0,131.0,6.0,129.3,1.0,131.89,1.0,129.25,1.0,132.0,1.0,129.22,2.0,134.1,2.0,129.0,1.0,137.0,1.0,128.0,1.0,151.2,5.0,127.1,1.0,,,127.0,3.0,,
418,Germany_Baseload#19#0#10000106,2021-10-14 06:59:38.867000,130.0,4.0,130.5,1.0,129.5,2.0,130.9,1.0,129.4,1.0,131.0,6.0,129.3,1.0,131.89,1.0,129.25,1.0,132.0,1.0,129.22,2.0,134.1,2.0,129.0,1.0,137.0,1.0,128.0,1.0,151.2,5.0,127.1,1.0,,,127.0,3.0,,
419,Germany_Baseload#19#0#10000106,2021-10-14 06:59:40.267000,130.0,4.0,130.5,1.0,129.5,2.0,130.9,1.0,129.4,1.0,131.0,6.0,129.3,1.0,131.89,1.0,129.25,1.0,132.0,1.0,129.22,2.0,134.1,2.0,129.0,1.0,137.0,1.0,128.0,1.0,151.2,5.0,127.1,1.0,,,127.0,3.0,,
420,Germany_Baseload#19#0#10000106,2021-10-14 06:59:41.555000,130.0,4.0,130.5,1.0,129.5,2.0,130.9,1.0,129.4,1.0,131.0,6.0,129.3,1.0,131.89,1.0,129.25,1.0,132.0,1.0,129.22,2.0,134.1,2.0,129.0,1.0,137.0,1.0,128.0,1.0,151.2,5.0,127.1,1.0,,,127.0,3.0,,
421,Germany_Baseload#19#0#10000106,2021-10-14 06:59:41.842000,130.0,4.0,130.5,1.0,129.5,2.0,130.9,1.0,129.4,1.0,131.0,6.0,129.3,1.0,131.89,1.0,129.25,1.0,132.0,1.0,129.22,2.0,134.1,2.0,129.0,1.0,137.0,1.0,128.0,1.0,151.2,5.0,127.1,1.0,,,127.0,3.0,,
422,Germany_Baseload#19#0#10000106,2021-10-14 06:59:42.198000,130.0,4.0,130.5,1.0,129.5,2.0,130.9,1.0,129.4,1.0,131.0,6.0,129.3,1.0,131.89,1.0,129.25,1.0,132.0,1.0,129.22,2.0,134.1,2.0,129.0,1.0,137.0,1.0,128.0,1.0,151.2,5.0,127.1,1.0,,,127.0,3.0,,
423,Germany_Baseload#19#0#10000106,2021-10-14 06:59:43.831000,130.0,4.0,130.5,1.0,129.5,2.0,130.9,1.0,129.4,1.0,131.0,6.0,129.3,1.0,131.89,1.0,129.25,1.0,132.0,1.0,129.22,2.0,134.1,2.0,129.0,1.0,137.0,1.0,128.0,1.0,151.2,5.0,127.1,1.0,,,127.0,3.0,,
424,Germany_Baseload#19#0#10000106,2021-10-14 06:59:45.402000,130.0,4.0,130.5,1.0,129.5,2.0,130.9,1.0,129.4,1.0,131.0,6.0,129.3,1.0,131.89,1.0,129.25,1.0,132.0,1.0,129.22,2.0,134.1,2.0,129.0,1.0,137.0,1.0,128.0,1.0,151.2,5.0,127.1,1.0,,,127.0,3.0,,
425,Germany_Baseload#19#0#10000106,2021-10-14 06:59:52.048000,130.0,4.0,130.5,1.0,129.5,2.0,130.9,1.0,129.4,1.0,131.0,6.0,129.3,1.0,131.89,1.0,129.25,1.0,132.0,1.0,129.22,2.0,133.6,5.0,129.0,1.0,134.1,2.0,128.0,1.0,137.0,1.0,127.1,1.0,,,127.0,3.0,,
426,Germany_Baseload#19#0#10000106,2021-10-14 06:59:54.140000,130.0,4.0,130.5,1.0,129.5,2.0,130.9,1.0,129.4,1.0,131.0,6.0,129.3,1.0,131.89,1.0,129.25,1.0,132.0,1.0,129.22,2.0,133.8,5.0,129.0,1.0,134.1,2.0,128.0,1.0,137.0,1.0,127.1,1.0,,,127.0,3.0,,
427,Germany_Baseload#19#0#10000106,2021-10-14 06:59:56.479000,130.0,4.0,130.5,1.0,129.5,2.0,130.9,1.0,129.4,1.0,131.0,6.0,129.3,1.0,131.89,1.0,129.25,1.0,132.0,1.0,129.22,2.0,133.6,5.0,129.0,1.0,134.1,2.0,128.0,1.0,137.0,1.0,127.1,1.0,,,127.0,3.0,,
428,Germany_Baseload#19#0#10000106,2021-10-14 06:59:58.484000,130.0,4.0,130.5,1.0,129.5,2.0,130.9,1.0,129.4,1.0,131.0,6.0,129.3,1.0,131.89,1.0,129.25,1.0,132.0,1.0,129.22,2.0,134.1,2.0,129.0,1.0,137.0,1.0,128.0,1.0,151.2,5.0,127.1,1.0,,,127.0,3.0,,
