,key,Datetime,BidPrice_0,BidVolume_0,AskPrice_0,AskVolume_0,BidPrice_1,BidVolume_1,AskPrice_1,AskVolume_1,BidPrice_2,BidVolume_2,AskPrice_2,AskVolume_2,BidPrice_3,BidVolume_3,AskPrice_3,AskVolume_3,BidPrice_4,BidVolume_4,AskPrice_4,AskVolume_4,BidPrice_5,BidVolume_5,AskPrice_5,AskVolume_5,BidPrice_6,BidVolume_6,AskPrice_6,AskVolume_6,BidPrice_7,BidVolume_7,AskPrice_7,AskVolume_7,BidPrice_8,BidVolume_8,AskPrice_8,AskVolume_8,BidPrice_9,BidVolume_9,AskPrice_9,AskVolume_9
0,Germany_Baseload#19#0#10000106,2021-10-18 06:00:00.847000,52.0,1.0,,,,,,,,,,,,,,,,,,,,,,,,,,,,,,,,,,,,,,
1,Germany_Baseload#19#0#10000106,2021-10-18 06:00:00.848000,52.0,1.0,,,48.0,3.0,,,,,,,,,,,,,,,,,,,,,,,,,,,,,,,,,,
2,Germany_Baseload#19#0#10000106,2021-10-18 06:01:06.260000,52.0,1.0,132.0,1.0,48.0,3.0,,,,,,,,,,,,,,,,,,,,,,,,,,,,,,,,,,
3,Germany_Baseload#19#0#10000106,2021-10-18 06:04:34.294000,109.0,1.0,132.0,1.0,52.0,1.0,,,48.0,3.0,,,,,,,,,,,,,,,,,,,,,,,,,,,,,,
4,Germany_Baseload#19#0#10000106,2021-10-18 06:05:24.476000,52.0,1.0,132.0,1.0,48.0,3.0,,,,,,,,,,,,,,,,,,,,,,,,,,,,,,,,,,
5,Germany_Baseload#19#0#10000106,2021-10-18 06:11:15.675000,115.0,1.0,132.0,1.0,52.0,1.0,,,48.0,3.0,,,,,,,,,,,,,,,,,,,,,,,,,,,,,,
6,Germany_Baseload#19#0#10000106,2021-10-18 06:11:54.143000,116.0,2.0,132.0,1.0,115.0,1.0,,,52.0,1.0,,,48.0,3.0,,,,,,,,,,,,,,,,,,,,,,,,,,
7,Germany_Baseload#19#0#10000106,2021-10-18 06:11:56.680000,117.5,1.0,132.0,1.0,116.0,2.0,,,115.0,1.0,,,52.0,1.0,,,48.0,3.0,,,,,,,,,,,,,,,,,,,,,,
8,Germany_Baseload#19#0#10000106,2021-10-18 06:14:01.292000,117.5,1.0,132.0,2.0,116.0,2.0,,,115.0,1.0,,,52.0,1.0,,,48.0,3.0,,,,,,,,,,,,,,,,,,,,,,
9,Germany_Baseload#19#0#10000106,2021-10-18 06:14:19.236000,120.0,2.0,132.0,2.0,117.5,1.0,,,116.0,2.0,,,115.0,1.0,,,52.0,1.0,,,48.0,3.0,,,,,,,,,,,,,,,,,,
10,Germany_Baseload#19#0#10000106,2021-10-18 06:23:32.194000,121.0,1.0,132.0,2.0,120.0,2.0,,,117.5,1.0,,,116.0,2.0,,,115.0,1.0,,,52.0,1.0,,,48.0,3.0,,,,,,,,,,,,,,
11,Germany_Baseload#19#0#10000106,2021-10-18 06:29:14.543000,120.0,2.0,132.0,2.0,117.5,1.0,,,116.0,2.0,,,115.0,1.0,,,52.0,1.0,,,48.0,3.0,,,,,,,,,,,,,,,,,,
12,Germany_Baseload#19#0#10000106,2021-10-18 06:30:31.301000,120.0,2.0,130.0,1.0,117.5,1.0,132.0,1.0,116.0,2.0,,,115.0,1.0,,,52.0,1.0,,,48.0,3.0,,,,,,,,,,,,,,,,,,
13,Germany_Baseload#19#0#10000106,2021-10-18 06:30:35.930000,125.0,1.0,130.0,1.0,120.0,2.0,132.0,1.0,117.5,1.0,,,116.0,2.0,,,115.0,1.0,,,52.0,1.0,,,48.0,3.0,,,,,,,,,,,,,,
14,Germany_Baseload#19#0#10000106,2021-10-18 06:30:40.158000,120.0,2.0,130.0,1.0,117.5,1.0,132.0,1.0,116.0,2.0,,,115.0,1.0,,,52.0,1.0,,,48.0,3.0,,,,,,,,,,,,,,,,,,
15,Germany_Baseload#19#0#10000106,2021-10-18 06:30:49.708000,120.0,2.0,130.0,2.0,117.5,1.0,132.0,1.0,116.0,2.0,,,115.0,1.0,,,52.0,1.0,,,48.0,3.0,,,,,,,,,,,,,,,,,,
16,Germany_Baseload#19#0#10000106,2021-10-18 06:31:00.190000,121.0,1.0,130.0,2.0,120.0,2.0,132.0,1.0,117.5,1.0,,,116.0,2.0,,,115.0,1.0,,,52.0,1.0,,,48.0,3.0,,,,,,,,,,,,,,
17,Germany_Baseload#19#0#10000106,2021-10-18 06:32:18.008000,121.0,1.0,130.0,3.0,120.0,2.0,132.0,1.0,117.5,1.0,,,116.0,2.0,,,115.0,1.0,,,52.0,1.0,,,48.0,3.0,,,,,,,,,,,,,,
18,Germany_Baseload#19#0#10000106,2021-10-18 06:34:19.174000,121.0,1.0,130.0,4.0,120.0,2.0,,,117.5,1.0,,,116.0,2.0,,,115.0,1.0,,,52.0,1.0,,,48.0,3.0,,,,,,,,,,,,,,
19,Germany_Baseload#19#0#10000106,2021-10-18 06:35:03.672000,121.0,1.0,130.0,4.0,120.0,2.0,,,118.5,1.0,,,117.5,1.0,,,116.0,2.0,,,115.0,1.0,,,52.0,1.0,,,48.0,3.0,,,,,,,,,,
20,Germany_Baseload#19#0#10000106,2021-10-18 06:35:19.356000,125.0,1.0,130.0,4.0,121.0,1.0,,,120.0,2.0,,,118.5,1.0,,,117.5,1.0,,,116.0,2.0,,,115.0,1.0,,,52.0,1.0,,,48.0,3.0,,,,,,
21,Germany_Baseload#19#0#10000106,2021-10-18 06:35:54.799000,125.0,1.0,130.0,3.0,121.0,1.0,,,120.0,2.0,,,118.5,1.0,,,117.5,1.0,,,116.0,2.0,,,115.0,1.0,,,52.0,1.0,,,48.0,3.0,,,,,,
22,Germany_Baseload#19#0#10000106,2021-10-18 06:37:16.358000,125.15,1.0,130.0,3.0,125.0,1.0,,,121.0,1.0,,,120.0,2.0,,,118.5,1.0,,,117.5,1.0,,,116.0,2.0,,,115.0,1.0,,,52.0,1.0,,,48.0,3.0,,
23,Germany_Baseload#19#0#10000106,2021-10-18 06:37:27.775000,125.15,1.0,129.25,1.0,125.0,1.0,130.0,3.0,121.0,1.0,,,120.0,2.0,,,118.5,1.0,,,117.5,1.0,,,116.0,2.0,,,115.0,1.0,,,52.0,1.0,,,48.0,3.0,,
24,Germany_Baseload#19#0#10000106,2021-10-18 06:37:34.212000,125.15,1.0,129.25,1.0,125.0,1.0,130.0,3.0,121.0,1.0,,,120.0,2.0,,,118.5,1.0,,,117.5,1.0,,,116.0,2.0,,,115.0,1.0,,,52.0,1.0,,,48.0,3.0,,
25,Germany_Baseload#19#0#10000106,2021-10-18 06:37:50.678000,125.15,1.0,127.0,1.0,125.0,1.0,129.25,1.0,121.0,1.0,130.0,3.0,120.0,2.0,,,118.5,1.0,,,117.5,1.0,,,116.0,2.0,,,115.0,1.0,,,52.0,1.0,,,48.0,3.0,,
26,Germany_Baseload#19#0#10000106,2021-10-18 06:38:18.452000,125.15,1.0,127.0,1.0,125.0,1.0,129.25,1.0,124.0,1.0,130.0,3.0,121.0,1.0,,,120.0,2.0,,,118.5,1.0,,,117.5,1.0,,,116.0,2.0,,,115.0,1.0,,,52.0,1.0,,
27,Germany_Baseload#19#0#10000106,2021-10-18 06:38:24.339000,125.15,1.0,127.0,1.0,125.0,1.0,129.25,1.0,124.0,1.0,130.0,3.0,121.0,1.0,,,120.0,2.0,,,118.5,1.0,,,117.5,1.0,,,116.0,2.0,,,115.0,1.0,,,52.0,1.0,,
28,Germany_Baseload#19#0#10000106,2021-10-18 06:39:06.273000,125.15,1.0,127.0,1.0,125.0,1.0,129.25,1.0,124.0,1.0,130.0,2.0,121.0,1.0,,,120.0,2.0,,,118.5,1.0,,,117.5,1.0,,,116.0,2.0,,,115.0,1.0,,,52.0,1.0,,
29,Germany_Baseload#19#0#10000106,2021-10-18 06:39:24.637000,125.0,1.0,127.0,1.0,124.0,1.0,129.25,1.0,121.0,1.0,130.0,2.0,120.0,2.0,,,118.5,1.0,,,117.5,1.0,,,116.0,2.0,,,115.0,1.0,,,52.0,1.0,,,48.0,3.0,,
30,Germany_Baseload#19#0#10000106,2021-10-18 06:39:28.341000,124.0,1.0,127.0,1.0,121.0,1.0,129.25,1.0,120.0,2.0,130.0,2.0,118.5,1.0,,,117.5,1.0,,,116.0,2.0,,,115.0,1.0,,,52.0,1.0,,,48.0,3.0,,,,,,
31,Germany_Baseload#19#0#10000106,2021-10-18 06:39:46.235000,124.0,1.0,126.5,1.0,121.0,1.0,127.0,1.0,120.0,2.0,129.25,1.0,118.5,1.0,130.0,2.0,117.5,1.0,,,116.0,2.0,,,115.0,1.0,,,52.0,1.0,,,48.0,3.0,,,,,,
32,Germany_Baseload#19#0#10000106,2021-10-18 06:39:51.654000,121.0,1.0,126.5,1.0,120.0,2.0,127.0,1.0,118.5,1.0,129.25,1.0,117.5,1.0,130.0,2.0,116.0,2.0,,,115.0,1.0,,,52.0,1.0,,,48.0,3.0,,,,,,,,,,
33,Germany_Baseload#19#0#10000106,2021-10-18 06:39:53.032000,121.0,1.0,126.5,1.0,120.0,2.0,127.0,1.0,118.5,1.0,130.0,2.0,117.5,1.0,,,116.0,2.0,,,115.0,1.0,,,52.0,1.0,,,48.0,3.0,,,,,,,,,,
34,Germany_Baseload#19#0#10000106,2021-10-18 06:40:02.108000,121.0,1.0,126.5,1.0,120.0,2.0,130.0,2.0,118.5,1.0,,,117.5,1.0,,,116.0,2.0,,,115.0,1.0,,,52.0,1.0,,,48.0,3.0,,,,,,,,,,
35,Germany_Baseload#19#0#10000106,2021-10-18 06:40:48.930000,121.0,1.0,126.5,1.0,120.0,2.0,130.0,2.0,118.5,1.0,,,118.0,2.0,,,117.5,1.0,,,115.0,1.0,,,52.0,1.0,,,48.0,3.0,,,,,,,,,,
36,Germany_Baseload#19#0#10000106,2021-10-18 06:42:47.073000,121.0,1.0,126.5,1.0,120.0,2.0,130.0,1.0,118.5,1.0,132.0,1.0,118.0,2.0,,,117.5,1.0,,,115.0,1.0,,,52.0,1.0,,,48.0,3.0,,,,,,,,,,
37,Germany_Baseload#19#0#10000106,2021-10-18 06:42:53.207000,121.5,1.0,126.5,1.0,121.0,1.0,130.0,1.0,120.0,2.0,132.0,1.0,118.5,1.0,,,118.0,2.0,,,117.5,1.0,,,115.0,1.0,,,52.0,1.0,,,48.0,3.0,,,,,,
38,Germany_Baseload#19#0#10000106,2021-10-18 06:42:57.236000,122.0,1.0,126.5,1.0,121.5,1.0,130.0,1.0,121.0,1.0,132.0,1.0,120.0,2.0,,,118.5,1.0,,,118.0,2.0,,,117.5,1.0,,,115.0,1.0,,,52.0,1.0,,,48.0,3.0,,
39,Germany_Baseload#19#0#10000106,2021-10-18 06:43:09.913000,124.0,2.0,126.5,1.0,122.0,1.0,130.0,1.0,121.5,1.0,132.0,1.0,121.0,1.0,,,120.0,2.0,,,118.5,1.0,,,118.0,2.0,,,117.5,1.0,,,115.0,1.0,,,52.0,1.0,,
40,Germany_Baseload#19#0#10000106,2021-10-18 06:43:23.254000,124.0,3.0,126.5,1.0,122.0,1.0,130.0,1.0,121.5,1.0,132.0,1.0,121.0,1.0,,,120.0,2.0,,,118.5,1.0,,,118.0,2.0,,,117.5,1.0,,,115.0,1.0,,,52.0,1.0,,
41,Germany_Baseload#19#0#10000106,2021-10-18 06:43:35.732000,124.5,1.0,126.5,1.0,124.0,3.0,130.0,1.0,122.0,1.0,132.0,1.0,121.5,1.0,,,121.0,1.0,,,120.0,2.0,,,118.5,1.0,,,118.0,2.0,,,117.5,1.0,,,115.0,1.0,,
42,Germany_Baseload#19#0#10000106,2021-10-18 06:43:43.391000,124.5,2.0,126.5,1.0,124.0,2.0,130.0,1.0,122.0,1.0,132.0,1.0,121.5,1.0,,,121.0,1.0,,,120.0,2.0,,,118.5,1.0,,,118.0,2.0,,,117.5,1.0,,,115.0,1.0,,
43,Germany_Baseload#19#0#10000106,2021-10-18 06:44:04.894000,124.5,2.0,126.5,1.0,124.0,2.0,130.0,1.0,122.0,1.0,132.0,1.0,121.0,1.0,,,120.0,2.0,,,118.5,1.0,,,118.0,2.0,,,117.5,1.0,,,115.0,1.0,,,52.0,1.0,,
44,Germany_Baseload#19#0#10000106,2021-10-18 06:44:05.074000,124.5,3.0,126.5,1.0,124.0,2.0,130.0,1.0,121.0,1.0,132.0,1.0,120.0,2.0,,,118.5,1.0,,,118.0,2.0,,,117.5,1.0,,,115.0,1.0,,,52.0,1.0,,,48.0,3.0,,
45,Germany_Baseload#19#0#10000106,2021-10-18 06:44:20.962000,124.5,3.0,127.5,1.0,124.0,2.0,130.0,1.0,121.0,1.0,132.0,1.0,120.0,2.0,,,118.5,1.0,,,118.0,2.0,,,117.5,1.0,,,115.0,1.0,,,52.0,1.0,,,48.0,3.0,,
46,Germany_Baseload#19#0#10000106,2021-10-18 06:44:33.723000,124.5,3.0,127.5,1.0,124.0,2.0,129.5,1.0,121.0,1.0,130.0,1.0,120.0,2.0,132.0,1.0,118.5,1.0,,,118.0,2.0,,,117.5,1.0,,,115.0,1.0,,,52.0,1.0,,,48.0,3.0,,
47,Germany_Baseload#19#0#10000106,2021-10-18 06:44:35.306000,124.5,4.0,127.5,1.0,124.0,2.0,129.5,1.0,121.0,1.0,130.0,1.0,120.0,2.0,132.0,1.0,118.5,1.0,,,118.0,2.0,,,117.5,1.0,,,115.0,1.0,,,52.0,1.0,,,48.0,3.0,,
48,Germany_Baseload#19#0#10000106,2021-10-18 06:45:42.085000,124.75,1.0,127.5,1.0,124.5,3.0,129.5,1.0,124.0,2.0,130.0,1.0,121.0,1.0,132.0,1.0,120.0,2.0,,,118.5,1.0,,,118.0,2.0,,,117.5,1.0,,,115.0,1.0,,,52.0,1.0,,
49,Germany_Baseload#19#0#10000106,2021-10-18 06:45:55.818000,125.0,1.0,127.5,1.0,124.75,1.0,129.5,1.0,124.5,3.0,130.0,1.0,124.0,2.0,132.0,1.0,121.0,1.0,,,120.0,2.0,,,118.5,1.0,,,118.0,2.0,,,117.5,1.0,,,115.0,1.0,,
50,Germany_Baseload#19#0#10000106,2021-10-18 06:46:12.042000,125.0,2.0,127.5,1.0,124.5,3.0,129.5,1.0,124.0,2.0,130.0,1.0,121.0,1.0,132.0,1.0,120.0,2.0,,,118.5,1.0,,,118.0,2.0,,,117.5,1.0,,,115.0,1.0,,,52.0,1.0,,
51,Germany_Baseload#19#0#10000106,2021-10-18 06:46:12.974000,125.05,1.0,127.5,1.0,125.0,2.0,129.5,1.0,124.5,3.0,130.0,1.0,124.0,2.0,132.0,1.0,121.0,1.0,,,120.0,2.0,,,118.5,1.0,,,118.0,2.0,,,117.5,1.0,,,115.0,1.0,,
52,Germany_Baseload#19#0#10000106,2021-10-18 06:46:20.365000,125.05,2.0,127.5,1.0,125.0,1.0,129.5,1.0,124.5,3.0,130.0,1.0,124.0,2.0,132.0,1.0,121.0,1.0,,,120.0,2.0,,,118.5,1.0,,,118.0,2.0,,,117.5,1.0,,,115.0,1.0,,
53,Germany_Baseload#19#0#10000106,2021-10-18 06:46:26.537000,125.05,2.0,127.5,1.0,125.0,1.0,129.5,1.0,124.5,3.0,130.0,1.0,124.0,2.0,132.0,1.0,121.0,1.0,,,120.0,2.0,,,118.5,1.0,,,118.0,2.0,,,117.5,1.0,,,115.0,1.0,,
54,Germany_Baseload#19#0#10000106,2021-10-18 06:46:43.763000,125.05,3.0,127.5,1.0,124.5,3.0,129.5,1.0,124.0,2.0,130.0,1.0,121.0,1.0,132.0,1.0,120.0,2.0,,,118.5,1.0,,,118.0,2.0,,,117.5,1.0,,,115.0,1.0,,,52.0,1.0,,
55,Germany_Baseload#19#0#10000106,2021-10-18 06:46:56.921000,125.05,3.0,127.5,1.0,125.0,1.0,129.5,1.0,124.5,2.0,130.0,1.0,124.0,2.0,132.0,1.0,121.0,1.0,,,120.0,2.0,,,118.5,1.0,,,118.0,2.0,,,117.5,1.0,,,115.0,1.0,,
56,Germany_Baseload#19#0#10000106,2021-10-18 06:47:16.255000,125.1,1.0,127.5,1.0,125.05,2.0,129.5,1.0,125.0,1.0,130.0,1.0,124.5,2.0,132.0,1.0,124.0,2.0,,,121.0,1.0,,,120.0,2.0,,,118.5,1.0,,,118.0,2.0,,,117.5,1.0,,
57,Germany_Baseload#19#0#10000106,2021-10-18 06:47:34.568000,125.1,1.0,127.5,1.0,125.05,2.0,129.5,1.0,125.0,1.0,130.0,1.0,124.5,2.0,132.0,1.0,124.0,2.0,,,123.0,1.0,,,121.0,1.0,,,120.0,2.0,,,118.5,1.0,,,118.0,2.0,,
58,Germany_Baseload#19#0#10000106,2021-10-18 06:47:52.115000,125.1,1.0,127.5,1.0,125.05,2.0,129.5,1.0,125.0,1.0,130.0,1.0,124.5,2.0,132.0,1.0,124.0,2.0,,,123.0,1.0,,,121.0,1.0,,,120.0,2.0,,,118.5,1.0,,,118.0,2.0,,
59,Germany_Baseload#19#0#10000106,2021-10-18 06:48:02.737000,125.1,1.0,127.5,1.0,125.05,2.0,129.5,1.0,125.0,1.0,130.0,1.0,124.5,2.0,132.0,1.0,124.0,2.0,,,123.0,1.0,,,121.5,1.0,,,121.0,1.0,,,120.0,2.0,,,118.0,2.0,,
60,Germany_Baseload#19#0#10000106,2021-10-18 06:48:02.833000,125.05,2.0,127.5,1.0,125.0,1.0,129.5,1.0,124.5,2.0,130.0,1.0,124.0,2.0,132.0,1.0,123.0,1.0,,,121.5,1.0,,,121.0,1.0,,,120.0,2.0,,,118.0,2.0,,,117.5,1.0,,
61,Germany_Baseload#19#0#10000106,2021-10-18 06:48:02.974000,125.1,1.0,127.5,1.0,125.05,2.0,129.5,1.0,125.0,1.0,130.0,1.0,124.5,2.0,132.0,1.0,124.0,2.0,,,123.0,1.0,,,121.5,1.0,,,121.0,1.0,,,120.0,2.0,,,118.0,2.0,,
62,Germany_Baseload#19#0#10000106,2021-10-18 06:48:07.880000,125.05,2.0,127.5,1.0,125.0,1.0,129.5,1.0,124.5,2.0,130.0,1.0,124.0,2.0,132.0,1.0,123.0,1.0,,,121.5,1.0,,,121.0,1.0,,,120.0,2.0,,,118.0,2.0,,,117.5,1.0,,
63,Germany_Baseload#19#0#10000106,2021-10-18 06:48:08.005000,125.1,1.0,127.5,1.0,125.05,2.0,129.5,1.0,125.0,1.0,130.0,1.0,124.5,2.0,132.0,1.0,124.0,2.0,,,123.0,1.0,,,121.5,1.0,,,121.0,1.0,,,120.0,2.0,,,118.0,2.0,,
64,Germany_Baseload#19#0#10000106,2021-10-18 06:48:17.542000,125.1,1.0,127.0,1.0,125.05,2.0,127.5,1.0,125.0,1.0,129.5,1.0,124.5,2.0,130.0,1.0,124.0,2.0,132.0,1.0,123.0,1.0,,,121.5,1.0,,,121.0,1.0,,,120.0,2.0,,,118.0,2.0,,
65,Germany_Baseload#19#0#10000106,2021-10-18 06:48:58.131000,125.1,2.0,127.0,1.0,125.05,2.0,127.5,1.0,124.5,2.0,129.5,1.0,124.0,2.0,130.0,1.0,123.0,1.0,132.0,1.0,121.5,1.0,,,121.0,1.0,,,120.0,2.0,,,118.0,2.0,,,117.5,1.0,,
66,Germany_Baseload#19#0#10000106,2021-10-18 06:49:12.473000,125.15,1.0,127.0,1.0,125.1,1.0,127.5,1.0,125.05,2.0,129.5,1.0,124.5,2.0,130.0,1.0,124.0,2.0,132.0,1.0,123.0,1.0,,,121.5,1.0,,,121.0,1.0,,,120.0,2.0,,,118.0,2.0,,
67,Germany_Baseload#19#0#10000106,2021-10-18 06:49:12.633000,125.15,1.0,127.0,1.0,125.05,2.0,127.5,1.0,124.5,2.0,129.5,1.0,124.0,2.0,130.0,1.0,123.0,1.0,132.0,1.0,121.5,1.0,,,121.0,1.0,,,120.0,2.0,,,118.0,2.0,,,117.5,1.0,,
68,Germany_Baseload#19#0#10000106,2021-10-18 06:49:13.851000,125.15,1.0,127.0,1.0,125.1,1.0,127.5,1.0,125.05,1.0,129.5,1.0,124.5,2.0,130.0,1.0,124.0,2.0,132.0,1.0,123.0,1.0,,,121.5,1.0,,,121.0,1.0,,,120.0,2.0,,,118.0,2.0,,
69,Germany_Baseload#19#0#10000106,2021-10-18 06:49:23.388000,125.15,2.0,127.0,1.0,125.05,1.0,127.5,1.0,124.5,2.0,129.5,1.0,124.0,2.0,130.0,1.0,123.0,1.0,132.0,1.0,121.5,1.0,,,121.0,1.0,,,120.0,2.0,,,118.0,2.0,,,117.5,1.0,,
70,Germany_Baseload#19#0#10000106,2021-10-18 06:49:33.868000,125.15,2.0,127.0,1.0,125.05,1.0,127.5,1.0,124.5,1.0,129.5,1.0,124.0,2.0,130.0,1.0,123.0,1.0,132.0,1.0,121.5,1.0,,,121.0,1.0,,,120.0,2.0,,,118.0,2.0,,,117.5,1.0,,
71,Germany_Baseload#19#0#10000106,2021-10-18 06:49:44.742000,125.15,2.0,127.0,1.0,125.05,1.0,127.5,1.0,124.5,1.0,129.5,1.0,124.0,2.0,130.0,1.0,123.0,1.0,,,121.5,1.0,,,121.0,1.0,,,120.0,2.0,,,118.0,2.0,,,117.5,1.0,,
72,Germany_Baseload#19#0#10000106,2021-10-18 06:50:14.145000,125.25,1.0,127.0,1.0,125.15,1.0,127.5,1.0,125.05,1.0,129.5,1.0,124.5,1.0,130.0,1.0,124.0,2.0,,,123.0,1.0,,,121.5,1.0,,,121.0,1.0,,,120.0,2.0,,,118.0,2.0,,
73,Germany_Baseload#19#0#10000106,2021-10-18 06:50:58.186000,125.25,1.0,126.0,1.0,125.15,1.0,127.0,1.0,125.05,1.0,127.5,1.0,124.5,1.0,129.5,1.0,124.0,2.0,130.0,1.0,123.0,1.0,,,121.5,1.0,,,121.0,1.0,,,120.0,2.0,,,118.0,2.0,,
74,Germany_Baseload#19#0#10000106,2021-10-18 06:51:19.315000,125.25,1.0,126.0,1.0,125.05,1.0,127.0,1.0,124.5,1.0,127.5,1.0,124.0,2.0,129.5,1.0,123.0,1.0,130.0,1.0,121.5,1.0,,,121.0,1.0,,,120.0,2.0,,,118.0,2.0,,,117.5,1.0,,
75,Germany_Baseload#19#0#10000106,2021-10-18 06:51:25.504000,125.05,1.0,126.0,1.0,124.5,1.0,127.0,1.0,124.0,2.0,127.5,1.0,123.0,1.0,129.5,1.0,121.5,1.0,130.0,1.0,121.0,1.0,,,120.0,2.0,,,118.0,2.0,,,117.5,1.0,,,115.0,1.0,,
76,Germany_Baseload#19#0#10000106,2021-10-18 06:51:36.582000,125.0,1.0,126.0,1.0,124.5,1.0,127.0,1.0,124.0,2.0,127.5,1.0,123.0,1.0,129.5,1.0,121.5,1.0,130.0,1.0,121.0,1.0,,,120.0,2.0,,,118.0,2.0,,,117.5,1.0,,,115.0,1.0,,
77,Germany_Baseload#19#0#10000106,2021-10-18 06:52:21.410000,124.5,1.0,126.0,1.0,124.0,2.0,127.0,1.0,123.0,1.0,127.5,1.0,121.5,1.0,129.5,1.0,121.0,1.0,130.0,1.0,120.0,2.0,,,118.0,2.0,,,117.5,1.0,,,115.0,1.0,,,52.0,1.0,,
78,Germany_Baseload#19#0#10000106,2021-10-18 06:52:25.849000,124.5,1.0,125.25,1.0,124.0,2.0,126.0,1.0,123.0,1.0,127.0,1.0,121.5,1.0,127.5,1.0,121.0,1.0,129.5,1.0,120.0,2.0,130.0,1.0,118.0,2.0,,,117.5,1.0,,,115.0,1.0,,,52.0,1.0,,
79,Germany_Baseload#19#0#10000106,2021-10-18 06:52:25.850000,124.5,1.0,125.25,1.0,124.0,2.0,126.0,1.0,123.0,1.0,127.5,1.0,121.5,1.0,129.5,1.0,121.0,1.0,130.0,1.0,120.0,2.0,,,118.0,2.0,,,117.5,1.0,,,115.0,1.0,,,52.0,1.0,,
80,Germany_Baseload#19#0#10000106,2021-10-18 06:52:25.851000,124.5,1.0,125.25,1.0,124.0,2.0,127.5,1.0,123.0,1.0,129.5,1.0,121.5,1.0,130.0,1.0,121.0,1.0,,,120.0,2.0,,,118.0,2.0,,,117.5,1.0,,,115.0,1.0,,,52.0,1.0,,
81,Germany_Baseload#19#0#10000106,2021-10-18 06:52:40.282000,124.75,1.0,125.25,1.0,124.5,1.0,127.5,1.0,124.0,2.0,129.5,1.0,123.0,1.0,130.0,1.0,121.5,1.0,,,121.0,1.0,,,120.0,2.0,,,118.0,2.0,,,117.5,1.0,,,115.0,1.0,,
82,Germany_Baseload#19#0#10000106,2021-10-18 06:53:00.983000,124.75,1.0,125.25,1.0,124.5,1.0,127.5,1.0,124.0,2.0,129.5,1.0,123.0,1.0,130.0,1.0,121.5,1.0,,,121.0,1.0,,,120.0,2.0,,,118.0,2.0,,,117.5,1.0,,,115.0,1.0,,
83,Germany_Baseload#19#0#10000106,2021-10-18 06:53:01.006000,125.0,1.0,125.25,1.0,124.75,1.0,127.5,1.0,124.5,1.0,129.5,1.0,124.0,2.0,130.0,1.0,123.0,1.0,,,121.5,1.0,,,121.0,1.0,,,120.0,2.0,,,118.0,2.0,,,117.5,1.0,,
84,Germany_Baseload#19#0#10000106,2021-10-18 06:53:03.365000,125.0,1.0,127.5,1.0,124.75,1.0,129.5,1.0,124.5,1.0,130.0,1.0,124.0,2.0,,,123.0,1.0,,,121.5,1.0,,,121.0,1.0,,,120.0,2.0,,,118.0,2.0,,,117.5,1.0,,
85,Germany_Baseload#19#0#10000106,2021-10-18 06:53:11.118000,125.0,2.0,127.5,1.0,124.5,2.0,129.5,1.0,124.0,2.0,130.0,1.0,123.0,1.0,,,121.5,1.0,,,121.0,1.0,,,120.0,2.0,,,118.0,2.0,,,117.5,1.0,,,115.0,1.0,,
86,Germany_Baseload#19#0#10000106,2021-10-18 06:53:18.144000,125.0,2.0,127.0,2.0,124.5,2.0,127.5,1.0,124.0,2.0,129.5,1.0,123.0,1.0,130.0,1.0,121.5,1.0,,,121.0,1.0,,,120.0,2.0,,,118.0,2.0,,,117.5,1.0,,,115.0,1.0,,
87,Germany_Baseload#19#0#10000106,2021-10-18 06:53:20.519000,125.1,1.0,127.0,2.0,125.0,2.0,127.5,1.0,124.5,2.0,129.5,1.0,124.0,2.0,130.0,1.0,123.0,1.0,,,121.5,1.0,,,121.0,1.0,,,120.0,2.0,,,118.0,2.0,,,117.5,1.0,,
88,Germany_Baseload#19#0#10000106,2021-10-18 06:53:24.605000,125.1,1.0,126.5,1.0,125.0,2.0,127.0,2.0,124.5,2.0,127.5,1.0,124.0,2.0,129.5,1.0,123.0,1.0,130.0,1.0,121.5,1.0,,,121.0,1.0,,,120.0,2.0,,,118.0,2.0,,,117.5,1.0,,
89,Germany_Baseload#19#0#10000106,2021-10-18 06:53:30.995000,125.1,1.0,126.5,1.0,125.0,2.0,127.0,2.0,124.5,2.0,127.5,1.0,124.0,2.0,129.5,1.0,123.0,1.0,130.0,1.0,121.5,1.0,134.75,1.0,121.0,1.0,,,120.0,2.0,,,118.0,2.0,,,117.5,1.0,,
90,Germany_Baseload#19#0#10000106,2021-10-18 06:53:39.671000,125.1,1.0,126.5,1.0,125.0,2.0,127.0,2.0,124.5,2.0,127.5,1.0,124.0,2.0,129.5,1.0,123.0,1.0,130.0,1.0,121.5,1.0,137.75,1.0,121.0,1.0,,,120.0,2.0,,,118.0,2.0,,,117.5,1.0,,
91,Germany_Baseload#19#0#10000106,2021-10-18 06:53:42.770000,125.1,1.0,126.5,1.0,125.0,2.0,127.0,2.0,124.5,2.0,127.5,1.0,124.0,2.0,129.5,1.0,123.0,1.0,130.0,1.0,121.5,1.0,132.0,1.0,121.0,1.0,137.75,1.0,120.0,2.0,,,118.0,2.0,,,117.5,1.0,,
92,Germany_Baseload#19#0#10000106,2021-10-18 06:53:44.281000,125.1,1.0,126.5,1.0,125.0,2.0,127.0,2.0,124.5,2.0,127.5,1.0,124.0,2.0,129.5,1.0,123.0,1.0,130.0,1.0,121.5,1.0,132.0,1.0,121.0,1.0,,,120.0,2.0,,,118.0,2.0,,,117.5,1.0,,
93,Germany_Baseload#19#0#10000106,2021-10-18 06:54:41.155000,125.25,1.0,126.5,1.0,125.1,1.0,127.0,2.0,125.0,1.0,127.5,1.0,124.5,2.0,129.5,1.0,124.0,2.0,130.0,1.0,123.0,1.0,132.0,1.0,121.5,1.0,,,121.0,1.0,,,120.0,2.0,,,118.0,2.0,,
94,Germany_Baseload#19#0#10000106,2021-10-18 06:54:49.393000,125.3,1.0,126.5,1.0,125.25,1.0,127.0,2.0,125.0,1.0,127.5,1.0,124.5,2.0,129.5,1.0,124.0,2.0,130.0,1.0,123.0,1.0,132.0,1.0,121.5,1.0,,,121.0,1.0,,,120.0,2.0,,,118.0,2.0,,
95,Germany_Baseload#19#0#10000106,2021-10-18 07:00:25.805000,125.3,1.0,126.5,1.0,125.25,1.0,127.0,2.0,125.0,1.0,127.5,1.0,124.5,2.0,129.5,1.0,124.0,2.0,130.0,1.0,123.0,1.0,132.0,1.0,121.5,1.0,,,121.0,1.0,,,120.0,2.0,,,118.0,2.0,,
96,Germany_Baseload#19#0#10000106,2021-10-18 07:00:37.545000,125.3,5.0,126.5,1.0,125.25,1.0,127.0,2.0,125.0,1.0,127.5,1.0,124.5,2.0,129.5,1.0,124.0,2.0,130.0,1.0,123.0,1.0,132.0,1.0,121.5,1.0,,,121.0,1.0,,,120.0,2.0,,,118.0,2.0,,
97,Germany_Baseload#19#0#10000106,2021-10-18 07:00:41.334000,125.3,1.0,126.5,1.0,125.25,1.0,127.0,2.0,125.0,1.0,127.5,1.0,124.5,2.0,129.5,1.0,124.0,2.0,130.0,1.0,123.0,1.0,132.0,1.0,121.5,1.0,,,121.0,1.0,,,120.0,2.0,,,118.0,2.0,,
98,Germany_Baseload#19#0#10000106,2021-10-18 07:00:46.164000,125.3,1.0,127.0,2.0,125.25,1.0,127.5,1.0,125.0,1.0,129.5,1.0,124.5,2.0,130.0,1.0,124.0,2.0,132.0,1.0,123.0,1.0,,,121.5,1.0,,,121.0,1.0,,,120.0,2.0,,,118.0,2.0,,
99,Germany_Baseload#19#0#10000106,2021-10-18 07:00:51.926000,125.3,1.0,127.0,2.0,125.25,1.0,127.5,1.0,125.0,1.0,129.5,1.0,124.5,2.0,130.0,1.0,124.0,2.0,132.0,1.0,123.0,1.0,,,121.5,1.0,,,121.0,1.0,,,120.0,2.0,,,118.0,2.0,,
100,Germany_Baseload#19#0#10000106,2021-10-18 07:00:58.331000,125.3,1.0,127.0,2.0,125.25,1.0,127.5,1.0,125.0,1.0,129.5,1.0,124.5,2.0,132.0,1.0,124.0,2.0,,,123.0,1.0,,,121.5,1.0,,,121.0,1.0,,,120.0,2.0,,,118.0,2.0,,
101,Germany_Baseload#19#0#10000106,2021-10-18 07:01:31.163000,125.3,1.0,127.0,2.0,125.25,1.0,127.5,1.0,125.0,1.0,129.5,1.0,124.5,2.0,132.0,1.0,124.0,2.0,,,123.0,1.0,,,121.5,1.0,,,121.0,1.0,,,120.0,1.0,,,118.0,2.0,,
102,Germany_Baseload#19#0#10000106,2021-10-18 07:02:45.453000,125.75,1.0,127.0,2.0,125.3,1.0,127.5,1.0,125.25,1.0,129.5,1.0,125.0,1.0,132.0,1.0,124.5,2.0,,,124.0,2.0,,,123.0,1.0,,,121.5,1.0,,,121.0,1.0,,,120.0,1.0,,
103,Germany_Baseload#19#0#10000106,2021-10-18 07:03:25.781000,125.75,1.0,127.0,2.0,125.4,1.0,127.5,1.0,125.3,1.0,129.5,1.0,125.25,1.0,132.0,1.0,125.0,1.0,,,124.5,2.0,,,124.0,2.0,,,123.0,1.0,,,121.5,1.0,,,121.0,1.0,,
104,Germany_Baseload#19#0#10000106,2021-10-18 07:03:42.843000,125.75,1.0,127.0,2.0,125.4,1.0,127.5,1.0,125.3,1.0,129.5,1.0,125.25,1.0,132.0,1.0,125.0,1.0,,,124.5,2.0,,,124.0,2.0,,,123.0,1.0,,,121.5,1.0,,,121.0,1.0,,
105,Germany_Baseload#19#0#10000106,2021-10-18 07:04:20.313000,125.75,1.0,127.0,2.0,125.4,1.0,127.5,1.0,125.3,1.0,129.5,1.0,125.25,1.0,132.0,1.0,125.0,1.0,,,124.5,2.0,,,124.0,2.0,,,123.0,1.0,,,121.5,1.0,,,121.0,1.0,,
106,Germany_Baseload#19#0#10000106,2021-10-18 07:04:25.437000,125.8,1.0,127.0,2.0,125.75,1.0,127.5,1.0,125.4,1.0,129.5,1.0,125.3,1.0,132.0,1.0,125.25,1.0,,,125.0,1.0,,,124.5,2.0,,,124.0,2.0,,,123.0,1.0,,,121.5,1.0,,
107,Germany_Baseload#19#0#10000106,2021-10-18 07:04:33.405000,125.85,1.0,127.0,2.0,125.8,1.0,127.5,1.0,125.75,1.0,129.5,1.0,125.4,2.0,132.0,1.0,125.3,1.0,,,125.25,1.0,,,125.0,1.0,,,124.5,2.0,,,124.0,2.0,,,123.0,1.0,,
108,Germany_Baseload#19#0#10000106,2021-10-18 07:04:39.685000,125.85,1.0,127.0,2.0,125.8,1.0,127.5,1.0,125.75,1.0,129.5,1.0,125.4,1.0,132.0,1.0,125.3,1.0,,,125.25,1.0,,,125.0,1.0,,,124.5,2.0,,,124.0,2.0,,,123.0,1.0,,
109,Germany_Baseload#19#0#10000106,2021-10-18 07:05:25.628000,125.85,1.0,127.0,2.0,125.8,1.0,127.5,1.0,125.75,1.0,129.5,1.0,125.4,1.0,132.0,1.0,125.3,1.0,,,125.25,1.0,,,125.0,1.0,,,124.5,2.0,,,124.0,2.0,,,123.0,1.0,,
110,Germany_Baseload#19#0#10000106,2021-10-18 07:05:35.030000,125.85,1.0,127.0,2.0,125.8,1.0,127.5,1.0,125.4,1.0,129.5,1.0,125.3,1.0,132.0,1.0,125.25,1.0,,,125.0,1.0,,,124.5,2.0,,,124.0,2.0,,,123.0,1.0,,,121.5,1.0,,
111,Germany_Baseload#19#0#10000106,2021-10-18 07:05:35.077000,125.85,1.0,127.0,2.0,125.8,1.0,127.5,1.0,125.4,1.0,129.5,1.0,125.3,1.0,132.0,1.0,125.25,1.0,,,125.0,1.0,,,124.5,2.0,,,124.0,2.0,,,123.0,1.0,,,121.5,1.0,,
112,Germany_Baseload#19#0#10000106,2021-10-18 07:05:38.061000,125.85,2.0,127.0,2.0,125.8,1.0,127.5,1.0,125.4,1.0,129.5,1.0,125.3,1.0,132.0,1.0,125.25,1.0,,,125.0,1.0,,,124.5,2.0,,,124.0,2.0,,,123.0,1.0,,,121.5,1.0,,
113,Germany_Baseload#19#0#10000106,2021-10-18 07:05:41.077000,125.85,1.0,127.0,2.0,125.8,1.0,127.5,1.0,125.4,1.0,129.5,1.0,125.3,1.0,132.0,1.0,125.25,1.0,,,125.0,1.0,,,124.5,2.0,,,124.0,2.0,,,123.0,1.0,,,121.5,1.0,,
114,Germany_Baseload#19#0#10000106,2021-10-18 07:05:41.092000,125.85,1.0,127.0,2.0,125.8,1.0,127.5,1.0,125.4,1.0,129.5,1.0,125.3,1.0,132.0,1.0,125.25,1.0,,,125.0,1.0,,,124.5,2.0,,,124.0,2.0,,,123.0,1.0,,,121.5,1.0,,
115,Germany_Baseload#19#0#10000106,2021-10-18 07:05:41.170000,125.8,1.0,127.0,2.0,125.4,1.0,127.5,1.0,125.3,1.0,129.5,1.0,125.25,1.0,132.0,1.0,125.0,1.0,,,124.5,2.0,,,124.0,2.0,,,123.0,1.0,,,121.5,1.0,,,121.0,1.0,,
116,Germany_Baseload#19#0#10000106,2021-10-18 07:05:44.846000,125.4,1.0,127.0,2.0,125.3,1.0,127.5,1.0,125.25,1.0,129.5,1.0,125.0,1.0,132.0,1.0,124.5,2.0,,,124.0,2.0,,,123.0,1.0,,,121.5,1.0,,,121.0,1.0,,,120.0,1.0,,
117,Germany_Baseload#19#0#10000106,2021-10-18 07:05:57.148000,125.4,1.0,126.0,2.0,125.3,1.0,127.0,2.0,125.25,1.0,127.5,1.0,125.0,1.0,129.5,1.0,124.5,2.0,132.0,1.0,124.0,2.0,,,123.0,1.0,,,121.5,1.0,,,121.0,1.0,,,120.0,1.0,,
118,Germany_Baseload#19#0#10000106,2021-10-18 07:06:01.077000,125.3,1.0,126.0,2.0,125.25,1.0,127.0,2.0,125.0,1.0,127.5,1.0,124.5,2.0,129.5,1.0,124.0,2.0,132.0,1.0,123.0,1.0,,,121.5,1.0,,,121.0,1.0,,,120.0,1.0,,,118.0,2.0,,
119,Germany_Baseload#19#0#10000106,2021-10-18 07:06:03.786000,125.25,1.0,126.0,2.0,125.0,1.0,127.0,2.0,124.5,2.0,127.5,1.0,124.0,2.0,129.5,1.0,123.0,1.0,132.0,1.0,121.5,1.0,,,121.0,1.0,,,120.0,1.0,,,118.0,2.0,,,117.5,1.0,,
120,Germany_Baseload#19#0#10000106,2021-10-18 07:06:06.536000,125.0,1.0,126.0,2.0,124.5,2.0,127.0,2.0,124.0,2.0,127.5,1.0,123.0,1.0,129.5,1.0,121.5,1.0,132.0,1.0,121.0,1.0,,,120.0,1.0,,,118.0,2.0,,,117.5,1.0,,,115.0,1.0,,
121,Germany_Baseload#19#0#10000106,2021-10-18 07:06:08.399000,125.0,2.0,126.0,2.0,124.5,2.0,127.0,2.0,124.0,2.0,127.5,1.0,123.0,1.0,129.5,1.0,121.5,1.0,132.0,1.0,121.0,1.0,,,120.0,1.0,,,118.0,2.0,,,117.5,1.0,,,115.0,1.0,,
122,Germany_Baseload#19#0#10000106,2021-10-18 07:06:12.107000,124.5,2.0,126.0,2.0,124.0,2.0,127.0,2.0,123.0,1.0,127.5,1.0,121.5,1.0,129.5,1.0,121.0,1.0,132.0,1.0,120.0,1.0,,,118.0,2.0,,,117.5,1.0,,,115.0,1.0,,,52.0,1.0,,
123,Germany_Baseload#19#0#10000106,2021-10-18 07:06:27.013000,124.5,2.0,127.0,2.0,124.0,2.0,127.5,1.0,123.0,1.0,129.5,1.0,121.5,1.0,132.0,1.0,121.0,1.0,,,120.0,1.0,,,118.0,2.0,,,117.5,1.0,,,115.0,1.0,,,52.0,1.0,,
124,Germany_Baseload#19#0#10000106,2021-10-18 07:06:30.313000,124.5,2.0,125.5,1.0,124.0,2.0,127.0,2.0,123.0,1.0,127.5,1.0,121.5,1.0,129.5,1.0,121.0,1.0,132.0,1.0,120.0,1.0,,,118.0,2.0,,,117.5,1.0,,,115.0,1.0,,,52.0,1.0,,
125,Germany_Baseload#19#0#10000106,2021-10-18 07:06:48.663000,124.5,2.0,125.5,1.0,124.0,2.0,127.0,2.0,123.0,1.0,127.5,1.0,121.5,1.0,129.0,1.0,121.0,1.0,129.5,1.0,120.0,1.0,132.0,1.0,118.0,2.0,,,117.5,1.0,,,115.0,1.0,,,52.0,1.0,,
126,Germany_Baseload#19#0#10000106,2021-10-18 07:07:01.225000,124.5,2.0,127.0,2.0,124.0,2.0,127.5,1.0,123.0,1.0,129.0,1.0,121.5,1.0,129.5,1.0,121.0,1.0,132.0,1.0,120.0,1.0,,,118.0,2.0,,,117.5,1.0,,,115.0,1.0,,,52.0,1.0,,
127,Germany_Baseload#19#0#10000106,2021-10-18 07:07:09.617000,124.75,1.0,127.0,2.0,124.5,2.0,127.5,1.0,124.0,2.0,129.0,1.0,123.0,1.0,129.5,1.0,121.5,1.0,132.0,1.0,121.0,1.0,,,120.0,1.0,,,118.0,2.0,,,117.5,1.0,,,115.0,1.0,,
128,Germany_Baseload#19#0#10000106,2021-10-18 07:07:30.305000,124.75,1.0,127.0,2.0,124.5,2.0,127.5,1.0,124.0,2.0,128.0,2.0,123.0,1.0,129.0,1.0,121.5,1.0,129.5,1.0,121.0,1.0,132.0,1.0,120.0,1.0,,,118.0,2.0,,,117.5,1.0,,,115.0,1.0,,
129,Germany_Baseload#19#0#10000106,2021-10-18 07:07:44.356000,124.75,1.0,126.5,1.0,124.5,2.0,127.0,2.0,124.0,2.0,127.5,1.0,123.0,1.0,128.0,2.0,121.5,1.0,129.0,1.0,121.0,1.0,129.5,1.0,120.0,1.0,132.0,1.0,118.0,2.0,,,117.5,1.0,,,115.0,1.0,,
130,Germany_Baseload#19#0#10000106,2021-10-18 07:07:50.378000,124.5,2.0,126.5,1.0,124.0,2.0,127.0,2.0,123.0,1.0,127.5,1.0,121.5,1.0,128.0,2.0,121.0,1.0,129.0,1.0,120.0,1.0,129.5,1.0,118.0,2.0,132.0,1.0,117.5,1.0,,,115.0,1.0,,,52.0,1.0,,
131,Germany_Baseload#19#0#10000106,2021-10-18 07:08:04.255000,124.5,2.0,126.5,1.0,124.0,2.0,127.0,2.0,123.0,1.0,127.5,1.0,121.5,1.0,128.0,2.0,121.0,1.0,129.0,1.0,120.0,1.0,132.0,1.0,118.0,2.0,,,117.5,1.0,,,115.0,1.0,,,52.0,1.0,,
132,Germany_Baseload#19#0#10000106,2021-10-18 07:08:20.100000,124.5,2.0,126.5,1.0,124.0,2.0,127.0,2.0,123.0,1.0,127.5,1.0,121.5,1.0,128.0,2.0,121.0,1.0,129.0,1.0,120.5,1.0,132.0,1.0,120.0,2.0,,,118.0,2.0,,,117.5,1.0,,,115.0,1.0,,
133,Germany_Baseload#19#0#10000106,2021-10-18 07:08:49.070000,124.5,2.0,126.5,1.0,124.0,2.0,127.0,2.0,123.0,1.0,127.5,1.0,121.5,1.0,128.0,2.0,121.0,1.0,128.5,5.0,120.5,1.0,129.0,1.0,120.0,2.0,132.0,1.0,118.0,2.0,,,117.5,1.0,,,115.0,1.0,,
134,Germany_Baseload#19#0#10000106,2021-10-18 07:09:15.310000,125.0,1.0,126.5,1.0,124.5,2.0,127.0,2.0,124.0,2.0,127.5,1.0,123.0,1.0,128.0,2.0,121.5,1.0,128.5,5.0,121.0,1.0,129.0,1.0,120.5,1.0,132.0,1.0,120.0,2.0,,,118.0,2.0,,,117.5,1.0,,
135,Germany_Baseload#19#0#10000106,2021-10-18 07:09:46.046000,124.5,2.0,126.5,1.0,124.0,2.0,127.0,2.0,123.0,1.0,127.5,1.0,121.5,1.0,128.0,2.0,121.0,1.0,128.5,5.0,120.5,1.0,129.0,1.0,120.0,2.0,132.0,1.0,118.0,2.0,,,117.5,1.0,,,115.0,1.0,,
136,Germany_Baseload#19#0#10000106,2021-10-18 07:09:46.085000,125.0,1.0,126.5,1.0,124.5,2.0,127.0,2.0,124.0,2.0,127.5,1.0,123.0,1.0,128.0,2.0,121.5,1.0,128.5,5.0,121.0,1.0,129.0,1.0,120.5,1.0,132.0,1.0,120.0,2.0,,,118.0,2.0,,,117.5,1.0,,
137,Germany_Baseload#19#0#10000106,2021-10-18 07:10:10.794000,125.25,1.0,126.5,1.0,125.0,1.0,127.0,2.0,124.5,2.0,127.5,1.0,124.0,2.0,128.0,2.0,123.0,1.0,128.5,5.0,121.5,1.0,129.0,1.0,121.0,1.0,132.0,1.0,120.5,1.0,,,120.0,2.0,,,118.0,2.0,,
138,Germany_Baseload#19#0#10000106,2021-10-18 07:10:23.340000,125.25,1.0,126.5,1.0,124.5,2.0,127.0,2.0,124.0,2.0,127.5,1.0,123.0,1.0,128.0,2.0,121.5,1.0,128.5,5.0,121.0,1.0,129.0,1.0,120.5,1.0,132.0,1.0,120.0,2.0,,,118.0,2.0,,,117.5,1.0,,
139,Germany_Baseload#19#0#10000106,2021-10-18 07:10:23.355000,125.5,1.0,126.5,1.0,125.25,1.0,127.0,2.0,124.5,2.0,127.5,1.0,124.0,2.0,128.0,2.0,123.0,1.0,128.5,5.0,121.5,1.0,129.0,1.0,121.0,1.0,132.0,1.0,120.5,1.0,,,120.0,2.0,,,118.0,2.0,,
140,Germany_Baseload#19#0#10000106,2021-10-18 07:10:56.025000,125.5,1.0,126.5,3.0,125.25,1.0,127.0,2.0,124.5,2.0,127.5,1.0,124.0,2.0,128.0,2.0,123.0,1.0,128.5,5.0,121.5,1.0,129.0,1.0,121.0,1.0,132.0,1.0,120.5,1.0,,,120.0,2.0,,,118.0,2.0,,
141,Germany_Baseload#19#0#10000106,2021-10-18 07:11:23.767000,125.5,1.0,126.5,3.0,125.25,1.0,127.0,2.0,124.5,2.0,127.5,1.0,124.0,2.0,128.0,2.0,123.0,3.0,128.5,5.0,121.5,1.0,129.0,1.0,121.0,1.0,132.0,1.0,120.5,1.0,,,120.0,2.0,,,118.0,2.0,,
142,Germany_Baseload#19#0#10000106,2021-10-18 07:11:26.524000,125.5,1.0,126.5,3.0,125.25,1.0,127.0,2.0,124.5,2.0,127.5,1.0,124.0,2.0,128.0,2.0,123.0,3.0,128.5,5.0,121.5,1.0,129.0,1.0,121.0,1.0,132.0,1.0,120.5,1.0,,,120.0,2.0,,,118.0,2.0,,
143,Germany_Baseload#19#0#10000106,2021-10-18 07:12:08.747000,125.5,1.0,126.5,3.0,125.25,1.0,127.0,2.0,124.85,1.0,127.5,1.0,124.5,2.0,128.0,2.0,124.0,2.0,128.5,5.0,123.0,3.0,129.0,1.0,121.5,1.0,132.0,1.0,121.0,1.0,,,120.5,1.0,,,120.0,2.0,,
144,Germany_Baseload#19#0#10000106,2021-10-18 07:13:05.634000,125.5,1.0,126.5,3.0,125.25,1.0,127.0,2.0,124.85,1.0,127.5,1.0,124.5,2.0,128.0,2.0,124.0,2.0,128.5,5.0,123.0,3.0,129.0,1.0,121.5,1.0,132.0,1.0,121.0,1.0,,,120.0,2.0,,,118.0,2.0,,
145,Germany_Baseload#19#0#10000106,2021-10-18 07:13:06.215000,125.5,1.0,126.5,3.0,125.25,1.0,127.0,2.0,124.85,1.0,127.5,1.0,124.55,1.0,128.0,2.0,124.5,2.0,128.5,5.0,124.0,2.0,129.0,1.0,123.0,3.0,132.0,1.0,121.5,1.0,,,121.0,1.0,,,120.0,2.0,,
146,Germany_Baseload#19#0#10000106,2021-10-18 07:13:33.007000,125.5,1.0,126.5,3.0,125.25,1.0,127.0,2.0,124.85,1.0,127.5,1.0,124.55,1.0,128.0,2.0,124.5,2.0,128.5,5.0,124.0,2.0,129.0,2.0,123.0,3.0,132.0,1.0,121.5,1.0,,,121.0,1.0,,,120.0,2.0,,
147,Germany_Baseload#19#0#10000106,2021-10-18 07:14:12.144000,125.5,1.0,126.25,1.0,125.25,1.0,126.5,3.0,124.85,1.0,127.0,2.0,124.55,1.0,127.5,1.0,124.5,2.0,128.0,2.0,124.0,2.0,128.5,5.0,123.0,3.0,129.0,2.0,121.5,1.0,132.0,1.0,121.0,1.0,,,120.0,2.0,,
148,Germany_Baseload#19#0#10000106,2021-10-18 07:14:19.729000,125.25,1.0,126.25,1.0,124.85,1.0,126.5,3.0,124.55,1.0,127.0,2.0,124.5,2.0,127.5,1.0,124.0,2.0,128.0,2.0,123.0,3.0,128.5,5.0,121.5,1.0,129.0,2.0,121.0,1.0,132.0,1.0,120.0,2.0,,,118.0,2.0,,
149,Germany_Baseload#19#0#10000106,2021-10-18 07:14:34.073000,125.25,1.0,126.25,1.0,124.85,1.0,126.5,3.0,124.5,2.0,127.0,2.0,124.0,2.0,127.5,1.0,123.0,3.0,128.0,2.0,121.5,1.0,128.5,5.0,121.0,1.0,129.0,2.0,120.0,2.0,132.0,1.0,118.0,2.0,,,117.5,1.0,,
150,Germany_Baseload#19#0#10000106,2021-10-18 07:15:10.424000,125.25,1.0,126.25,3.0,124.85,1.0,126.5,1.0,124.5,2.0,127.0,2.0,124.0,2.0,127.5,1.0,123.0,3.0,128.0,2.0,121.5,1.0,128.5,5.0,121.0,1.0,129.0,2.0,120.0,2.0,132.0,1.0,118.0,2.0,,,117.5,1.0,,
151,Germany_Baseload#19#0#10000106,2021-10-18 07:15:29.369000,125.25,1.0,126.25,3.0,124.85,1.0,126.5,1.0,124.6,1.0,127.0,2.0,124.5,2.0,127.5,1.0,124.0,2.0,128.0,2.0,123.0,3.0,128.5,5.0,121.5,1.0,129.0,2.0,121.0,1.0,132.0,1.0,120.0,2.0,,,118.0,2.0,,
152,Germany_Baseload#19#0#10000106,2021-10-18 07:16:18.293000,125.25,1.0,126.25,3.0,124.85,1.0,126.5,1.0,124.6,1.0,127.0,2.0,124.5,2.0,127.5,1.0,124.0,2.0,128.0,2.0,123.0,3.0,128.5,5.0,121.5,1.0,129.0,2.0,121.0,1.0,132.0,1.0,120.0,2.0,,,118.0,2.0,,
153,Germany_Baseload#19#0#10000106,2021-10-18 07:16:24.334000,125.25,1.0,126.5,1.0,124.85,1.0,127.0,2.0,124.6,1.0,127.5,1.0,124.5,2.0,128.0,2.0,124.0,2.0,128.5,5.0,123.0,3.0,129.0,2.0,121.5,1.0,132.0,1.0,121.0,1.0,,,120.0,2.0,,,118.0,2.0,,
154,Germany_Baseload#19#0#10000106,2021-10-18 07:16:35.617000,125.25,1.0,126.5,1.0,124.85,1.0,127.0,2.0,124.6,1.0,127.5,1.0,124.5,2.0,128.0,2.0,124.0,2.0,128.4,1.0,123.0,3.0,128.5,5.0,121.5,1.0,129.0,2.0,121.0,1.0,132.0,1.0,120.0,2.0,,,118.0,2.0,,
155,Germany_Baseload#19#0#10000106,2021-10-18 07:16:42.957000,125.25,1.0,127.0,2.0,124.85,1.0,127.5,1.0,124.6,1.0,128.0,2.0,124.5,2.0,128.4,1.0,124.0,2.0,128.5,5.0,123.0,3.0,129.0,2.0,121.5,1.0,132.0,1.0,121.0,1.0,,,120.0,2.0,,,118.0,2.0,,
156,Germany_Baseload#19#0#10000106,2021-10-18 07:16:55.043000,125.25,1.0,127.0,2.0,124.85,1.0,128.0,2.0,124.6,1.0,128.4,1.0,124.5,2.0,128.5,5.0,124.0,2.0,129.0,2.0,123.0,3.0,132.0,1.0,121.5,1.0,,,121.0,1.0,,,120.0,2.0,,,118.0,2.0,,
157,Germany_Baseload#19#0#10000106,2021-10-18 07:17:09.669000,125.25,1.0,127.0,2.0,124.85,1.0,127.5,1.0,124.6,1.0,128.0,2.0,124.5,2.0,128.4,1.0,124.0,2.0,128.5,5.0,123.0,3.0,129.0,2.0,121.5,1.0,132.0,1.0,121.0,1.0,,,120.0,2.0,,,118.0,2.0,,
158,Germany_Baseload#19#0#10000106,2021-10-18 07:17:24.724000,125.5,1.0,127.0,2.0,125.25,1.0,127.5,1.0,124.85,1.0,128.0,2.0,124.6,1.0,128.4,1.0,124.5,2.0,128.5,5.0,124.0,2.0,129.0,2.0,123.0,3.0,132.0,1.0,121.5,1.0,,,121.0,1.0,,,120.0,2.0,,
159,Germany_Baseload#19#0#10000106,2021-10-18 07:17:39.624000,125.5,1.0,127.0,2.0,125.25,1.0,127.5,1.0,124.6,1.0,128.0,2.0,124.5,2.0,128.4,1.0,124.0,2.0,128.5,5.0,123.0,3.0,129.0,2.0,121.5,1.0,132.0,1.0,121.0,1.0,,,120.0,2.0,,,118.0,2.0,,
160,Germany_Baseload#19#0#10000106,2021-10-18 07:17:48.958000,125.5,1.0,127.0,2.0,125.25,1.0,127.5,1.0,124.6,1.0,128.0,2.0,124.5,2.0,128.2,1.0,124.0,2.0,128.5,5.0,123.0,3.0,129.0,2.0,121.5,1.0,132.0,1.0,121.0,1.0,,,120.0,2.0,,,118.0,2.0,,
161,Germany_Baseload#19#0#10000106,2021-10-18 07:19:07.432000,125.5,1.0,127.0,2.0,125.25,1.0,127.5,1.0,124.6,1.0,127.95,1.0,124.5,2.0,128.0,2.0,124.0,2.0,128.2,1.0,123.0,3.0,128.5,5.0,121.5,1.0,129.0,2.0,121.0,1.0,132.0,1.0,120.0,2.0,,,118.0,2.0,,
162,Germany_Baseload#19#0#10000106,2021-10-18 07:19:07.433000,125.5,1.0,127.0,2.0,125.25,1.0,127.5,1.0,124.6,1.0,127.95,1.0,124.5,2.0,128.0,2.0,124.0,2.0,128.5,5.0,123.0,3.0,129.0,2.0,121.5,1.0,132.0,1.0,121.0,1.0,,,120.0,2.0,,,118.0,2.0,,
163,Germany_Baseload#19#0#10000106,2021-10-18 07:19:08.901000,125.5,2.0,127.0,2.0,125.25,1.0,127.5,1.0,124.6,1.0,127.95,1.0,124.5,2.0,128.0,2.0,124.0,2.0,128.5,5.0,123.0,3.0,129.0,2.0,121.5,1.0,132.0,1.0,121.0,1.0,,,120.0,2.0,,,118.0,2.0,,
164,Germany_Baseload#19#0#10000106,2021-10-18 07:19:56.050000,125.5,2.0,127.0,2.0,125.25,1.0,127.5,1.0,124.6,1.0,127.95,1.0,124.5,2.0,128.0,2.0,124.0,2.0,128.5,5.0,123.0,3.0,129.0,2.0,122.35,1.0,132.0,1.0,121.5,1.0,,,121.0,1.0,,,120.0,2.0,,
165,Germany_Baseload#19#0#10000106,2021-10-18 07:20:25.782000,125.5,2.0,126.0,1.0,125.25,1.0,127.0,2.0,124.6,1.0,127.5,1.0,124.5,2.0,127.95,1.0,124.0,2.0,128.0,2.0,123.0,3.0,128.5,5.0,122.35,1.0,129.0,2.0,121.5,1.0,132.0,1.0,121.0,1.0,,,120.0,2.0,,
166,Germany_Baseload#19#0#10000106,2021-10-18 07:21:11.575000,125.5,2.0,127.0,2.0,125.25,1.0,127.5,1.0,124.6,1.0,127.95,1.0,124.5,2.0,128.0,2.0,124.0,2.0,128.5,5.0,123.0,3.0,129.0,2.0,122.35,1.0,132.0,1.0,121.5,1.0,,,121.0,1.0,,,120.0,2.0,,
167,Germany_Baseload#19#0#10000106,2021-10-18 07:21:27.837000,125.5,2.0,127.0,2.0,125.25,1.0,127.5,1.0,124.6,1.0,128.0,2.0,124.5,2.0,128.5,5.0,124.0,2.0,129.0,2.0,123.0,3.0,132.0,1.0,122.35,1.0,,,121.5,1.0,,,121.0,1.0,,,120.0,2.0,,
168,Germany_Baseload#19#0#10000106,2021-10-18 07:21:31.455000,125.5,2.0,127.0,2.0,125.25,1.0,127.5,1.0,124.5,2.0,128.0,2.0,124.0,2.0,128.5,5.0,123.0,3.0,129.0,2.0,122.35,1.0,132.0,1.0,121.5,1.0,,,121.0,1.0,,,120.0,2.0,,,118.0,2.0,,
169,Germany_Baseload#19#0#10000106,2021-10-18 07:21:41.120000,125.5,2.0,127.0,2.0,125.25,1.0,127.5,1.0,124.5,2.0,128.0,2.0,124.0,2.0,128.5,5.0,123.0,3.0,129.0,2.0,122.55,1.0,132.0,1.0,121.5,1.0,,,121.0,1.0,,,120.0,2.0,,,118.0,2.0,,
170,Germany_Baseload#19#0#10000106,2021-10-18 07:21:44.341000,125.5,2.0,127.0,2.0,125.25,1.0,127.5,1.0,124.5,2.0,128.0,2.0,124.0,2.0,128.5,5.0,123.0,3.0,129.0,2.0,122.55,1.0,,,121.5,1.0,,,121.0,1.0,,,120.0,2.0,,,118.0,2.0,,
171,Germany_Baseload#19#0#10000106,2021-10-18 07:22:23.301000,125.5,2.0,127.0,2.0,125.25,1.0,127.5,1.0,124.6,1.0,128.0,2.0,124.5,2.0,128.5,5.0,124.0,2.0,129.0,2.0,123.0,3.0,,,122.55,1.0,,,121.5,1.0,,,121.0,1.0,,,120.0,2.0,,
172,Germany_Baseload#19#0#10000106,2021-10-18 07:23:03.626000,125.5,2.0,127.0,2.0,125.25,1.0,127.5,1.0,124.6,1.0,128.0,2.0,124.5,2.0,128.4,1.0,124.0,2.0,128.5,5.0,123.0,3.0,129.0,2.0,122.55,1.0,,,121.5,1.0,,,121.0,1.0,,,120.0,2.0,,
173,Germany_Baseload#19#0#10000106,2021-10-18 07:23:39.115000,125.5,1.0,127.0,2.0,125.25,1.0,127.5,1.0,124.6,1.0,128.0,2.0,124.5,2.0,128.4,1.0,124.0,2.0,128.5,5.0,123.0,3.0,129.0,2.0,122.55,1.0,,,121.5,1.0,,,121.0,1.0,,,120.0,2.0,,
174,Germany_Baseload#19#0#10000106,2021-10-18 07:24:22.118000,125.5,1.0,127.0,2.0,125.25,1.0,127.5,1.0,124.5,2.0,128.0,2.0,124.0,2.0,128.4,1.0,123.0,3.0,128.5,5.0,122.55,1.0,129.0,2.0,121.5,1.0,,,121.0,1.0,,,120.0,2.0,,,118.0,2.0,,
175,Germany_Baseload#19#0#10000106,2021-10-18 07:24:22.937000,125.5,1.0,127.0,2.0,125.25,1.0,127.5,1.0,124.5,2.0,128.0,2.0,124.0,2.0,128.5,5.0,123.0,3.0,129.0,2.0,122.55,1.0,,,121.5,1.0,,,121.0,1.0,,,120.0,2.0,,,118.0,2.0,,
176,Germany_Baseload#19#0#10000106,2021-10-18 07:24:29.269000,125.5,1.0,127.0,1.0,125.25,1.0,127.5,1.0,124.5,2.0,128.0,2.0,124.0,2.0,128.5,5.0,123.0,3.0,129.0,2.0,122.55,1.0,,,121.5,1.0,,,121.0,1.0,,,120.0,2.0,,,118.0,2.0,,
177,Germany_Baseload#19#0#10000106,2021-10-18 07:26:21.913000,125.5,1.0,127.0,1.0,124.5,2.0,127.5,1.0,124.0,2.0,128.0,2.0,123.0,3.0,128.5,5.0,122.55,1.0,129.0,2.0,121.5,1.0,,,121.0,1.0,,,120.0,2.0,,,118.0,2.0,,,117.5,1.0,,
178,Germany_Baseload#19#0#10000106,2021-10-18 07:27:15.421000,125.25,1.0,127.0,1.0,124.5,2.0,127.5,1.0,124.0,2.0,128.0,2.0,123.0,3.0,128.5,5.0,122.55,1.0,129.0,2.0,121.5,1.0,,,121.0,1.0,,,120.0,2.0,,,118.0,2.0,,,117.5,1.0,,
179,Germany_Baseload#19#0#10000106,2021-10-18 07:29:42.235000,125.25,1.0,127.0,1.0,124.5,2.0,127.5,1.0,124.0,2.0,128.0,2.0,123.0,3.0,128.5,5.0,122.55,1.0,129.0,2.0,121.5,1.0,,,121.0,1.0,,,120.0,2.0,,,118.0,2.0,,,117.5,1.0,,
180,Germany_Baseload#19#0#10000106,2021-10-18 07:30:18.610000,125.25,1.0,127.0,1.0,124.5,2.0,127.5,1.0,124.0,2.0,128.0,2.0,123.0,3.0,129.0,2.0,122.55,1.0,,,121.5,1.0,,,121.0,1.0,,,120.0,2.0,,,118.0,2.0,,,117.5,1.0,,
181,Germany_Baseload#19#0#10000106,2021-10-18 07:32:02.563000,126.0,1.0,127.0,1.0,125.25,1.0,127.5,1.0,124.5,2.0,128.0,2.0,124.0,2.0,129.0,2.0,123.0,3.0,,,122.55,1.0,,,121.5,1.0,,,121.0,1.0,,,120.0,2.0,,,118.0,2.0,,
182,Germany_Baseload#19#0#10000106,2021-10-18 07:32:04.317000,126.0,1.0,127.0,1.0,125.25,1.0,127.5,1.0,124.5,2.0,128.0,2.0,124.0,2.0,129.0,2.0,123.0,3.0,,,122.55,1.0,,,121.5,1.0,,,121.0,1.0,,,120.0,2.0,,,118.0,2.0,,
183,Germany_Baseload#19#0#10000106,2021-10-18 07:32:05.280000,126.0,1.0,127.5,1.0,125.25,1.0,128.0,2.0,124.5,2.0,129.0,2.0,124.0,2.0,,,123.0,3.0,,,122.55,1.0,,,121.5,1.0,,,121.0,1.0,,,120.0,2.0,,,118.0,2.0,,
184,Germany_Baseload#19#0#10000106,2021-10-18 07:32:18.037000,125.25,1.0,127.5,1.0,124.5,2.0,128.0,2.0,124.0,2.0,129.0,2.0,123.0,3.0,,,122.55,1.0,,,121.5,1.0,,,121.0,1.0,,,120.0,2.0,,,118.0,2.0,,,117.5,1.0,,
185,Germany_Baseload#19#0#10000106,2021-10-18 07:32:19.200000,125.25,1.0,127.5,1.0,124.5,2.0,128.0,2.0,124.0,2.0,129.0,2.0,123.0,3.0,,,122.55,1.0,,,121.5,1.0,,,121.0,1.0,,,120.0,2.0,,,118.0,2.0,,,117.5,1.0,,
186,Germany_Baseload#19#0#10000106,2021-10-18 07:32:27.531000,126.0,1.0,127.5,1.0,125.25,1.0,128.0,2.0,124.5,2.0,129.0,2.0,124.0,2.0,,,123.0,3.0,,,122.55,1.0,,,121.5,1.0,,,121.0,1.0,,,120.0,2.0,,,118.0,2.0,,
187,Germany_Baseload#19#0#10000106,2021-10-18 07:32:42.488000,126.0,1.0,127.0,1.0,125.25,1.0,127.5,1.0,124.5,2.0,128.0,2.0,124.0,2.0,129.0,2.0,123.0,3.0,,,122.55,1.0,,,121.5,1.0,,,121.0,1.0,,,120.0,2.0,,,118.0,2.0,,
188,Germany_Baseload#19#0#10000106,2021-10-18 07:32:45.023000,126.0,1.0,127.0,1.0,125.25,1.0,127.5,1.0,124.5,2.0,128.0,1.0,124.0,2.0,129.0,1.0,123.0,3.0,,,122.55,1.0,,,121.5,1.0,,,121.0,1.0,,,120.0,2.0,,,118.0,2.0,,
189,Germany_Baseload#19#0#10000106,2021-10-18 07:33:13.506000,126.0,1.0,127.0,2.0,125.25,1.0,127.5,1.0,124.5,2.0,128.0,2.0,124.0,2.0,129.0,1.0,123.0,3.0,,,122.55,1.0,,,121.5,1.0,,,121.0,1.0,,,120.0,2.0,,,118.0,2.0,,
190,Germany_Baseload#19#0#10000106,2021-10-18 07:33:32.740000,125.25,1.0,127.0,2.0,124.5,2.0,127.5,1.0,124.0,2.0,128.0,2.0,123.0,3.0,129.0,1.0,122.55,1.0,,,121.5,1.0,,,121.0,1.0,,,120.0,2.0,,,118.0,2.0,,,117.5,1.0,,
191,Germany_Baseload#19#0#10000106,2021-10-18 07:33:58.441000,125.25,1.0,127.0,2.0,124.5,2.0,127.5,1.0,124.0,2.0,128.0,2.0,123.0,3.0,129.0,1.0,122.55,1.0,130.0,1.0,121.5,1.0,,,121.0,1.0,,,120.0,2.0,,,118.0,2.0,,,117.5,1.0,,
192,Germany_Baseload#19#0#10000106,2021-10-18 07:33:58.780000,125.25,1.0,127.0,2.0,124.5,2.0,127.5,1.0,124.0,2.0,128.0,2.0,123.0,3.0,129.0,1.0,122.55,1.0,130.0,1.0,121.5,1.0,,,121.0,1.0,,,120.0,2.0,,,118.0,2.0,,,117.5,1.0,,
193,Germany_Baseload#19#0#10000106,2021-10-18 07:34:06.715000,125.25,1.0,127.0,2.0,124.5,2.0,127.5,1.0,124.0,2.0,128.0,2.0,123.0,3.0,129.0,1.0,122.55,1.0,130.0,1.0,121.5,1.0,,,121.0,1.0,,,120.0,2.0,,,118.0,2.0,,,117.5,1.0,,
194,Germany_Baseload#19#0#10000106,2021-10-18 07:36:41.970000,126.0,1.0,127.0,2.0,125.25,1.0,127.5,1.0,124.5,2.0,128.0,2.0,124.0,2.0,129.0,1.0,123.0,3.0,130.0,1.0,122.55,1.0,,,121.5,1.0,,,121.0,1.0,,,120.0,2.0,,,118.0,2.0,,
195,Germany_Baseload#19#0#10000106,2021-10-18 07:36:50.259000,126.0,1.0,127.0,2.0,125.75,1.0,127.5,1.0,125.25,1.0,128.0,2.0,124.5,2.0,129.0,1.0,124.0,2.0,130.0,1.0,123.0,3.0,,,122.55,1.0,,,121.5,1.0,,,121.0,1.0,,,120.0,2.0,,
196,Germany_Baseload#19#0#10000106,2021-10-18 07:36:50.425000,126.0,1.0,127.0,2.0,125.75,1.0,127.5,1.0,125.25,1.0,128.0,2.0,124.5,2.0,129.0,1.0,124.0,2.0,130.0,1.0,123.0,3.0,,,122.55,1.0,,,121.5,1.0,,,121.0,1.0,,,120.0,2.0,,
197,Germany_Baseload#19#0#10000106,2021-10-18 07:37:16.863000,126.0,1.0,127.0,2.0,125.75,1.0,127.5,1.0,125.5,1.0,128.0,2.0,124.5,2.0,129.0,1.0,124.0,2.0,130.0,1.0,123.0,3.0,,,122.55,1.0,,,121.5,1.0,,,121.0,1.0,,,120.0,2.0,,
198,Germany_Baseload#19#0#10000106,2021-10-18 07:38:17.368000,126.0,1.0,127.0,2.0,125.75,1.0,127.5,1.0,125.5,1.0,128.0,2.0,124.5,1.0,129.0,1.0,124.0,2.0,130.0,1.0,123.0,3.0,,,122.55,1.0,,,121.5,1.0,,,121.0,1.0,,,120.0,2.0,,
199,Germany_Baseload#19#0#10000106,2021-10-18 07:38:20.920000,126.0,1.0,127.0,2.0,125.75,1.0,127.32,1.0,125.5,1.0,127.5,1.0,124.5,1.0,128.0,2.0,124.0,2.0,129.0,1.0,123.0,3.0,130.0,1.0,122.55,1.0,,,121.5,1.0,,,121.0,1.0,,,120.0,2.0,,
200,Germany_Baseload#19#0#10000106,2021-10-18 07:38:34.938000,126.0,1.0,127.0,2.0,125.75,1.0,127.5,1.0,125.5,1.0,128.0,2.0,124.5,1.0,129.0,1.0,124.0,2.0,130.0,1.0,123.0,3.0,,,122.55,1.0,,,121.5,1.0,,,121.0,1.0,,,120.0,2.0,,
201,Germany_Baseload#19#0#10000106,2021-10-18 07:38:34.985000,126.0,1.0,127.0,2.0,125.75,1.0,127.5,1.0,125.5,1.0,127.75,2.0,124.5,1.0,128.0,2.0,124.0,2.0,129.0,1.0,123.0,3.0,130.0,1.0,122.55,1.0,,,121.5,1.0,,,121.0,1.0,,,120.0,2.0,,
202,Germany_Baseload#19#0#10000106,2021-10-18 07:38:52.690000,126.0,1.0,127.0,2.0,125.75,1.0,127.5,1.0,125.5,1.0,127.75,2.0,124.5,1.0,128.0,2.0,124.0,2.0,129.0,1.0,123.0,3.0,130.0,1.0,122.55,1.0,,,121.5,1.0,,,121.0,1.0,,,120.0,2.0,,
203,Germany_Baseload#19#0#10000106,2021-10-18 07:38:52.963000,126.0,1.0,127.0,2.0,125.75,1.0,127.5,1.0,125.5,1.0,127.75,2.0,124.5,2.0,128.0,2.0,124.0,2.0,129.0,1.0,123.0,3.0,130.0,1.0,122.55,1.0,,,121.5,1.0,,,121.0,1.0,,,120.0,2.0,,
204,Germany_Baseload#19#0#10000106,2021-10-18 07:39:18.980000,126.0,1.0,127.0,2.0,125.75,1.0,127.5,1.0,125.5,1.0,128.0,2.0,124.5,2.0,129.0,1.0,124.0,2.0,130.0,1.0,123.0,3.0,,,122.55,1.0,,,121.5,1.0,,,121.0,1.0,,,120.0,2.0,,
205,Germany_Baseload#19#0#10000106,2021-10-18 07:39:19.037000,126.0,1.0,127.0,2.0,125.75,1.0,127.5,1.0,125.5,1.0,128.0,2.0,124.5,2.0,128.25,2.0,124.0,2.0,129.0,1.0,123.0,3.0,130.0,1.0,122.55,1.0,,,121.5,1.0,,,121.0,1.0,,,120.0,2.0,,
206,Germany_Baseload#19#0#10000106,2021-10-18 07:39:25.505000,126.0,1.0,127.0,2.0,125.75,1.0,127.5,1.0,125.5,1.0,128.0,2.0,124.5,2.0,128.25,2.0,124.0,2.0,129.0,1.0,123.0,3.0,130.0,1.0,122.55,1.0,,,121.5,1.0,,,121.0,1.0,,,120.0,2.0,,
207,Germany_Baseload#19#0#10000106,2021-10-18 07:39:25.826000,126.0,1.0,127.0,2.0,125.75,1.0,127.5,1.0,125.5,1.0,128.0,2.0,124.5,3.0,128.25,2.0,124.0,2.0,129.0,1.0,123.0,3.0,130.0,1.0,122.55,1.0,,,121.5,1.0,,,121.0,1.0,,,120.0,2.0,,
208,Germany_Baseload#19#0#10000106,2021-10-18 07:39:53.055000,126.0,1.0,127.0,2.0,125.75,1.0,127.5,1.0,125.5,1.0,128.0,2.0,124.5,3.0,129.0,1.0,124.0,2.0,130.0,1.0,123.0,3.0,,,122.55,1.0,,,121.5,1.0,,,121.0,1.0,,,120.0,2.0,,
209,Germany_Baseload#19#0#10000106,2021-10-18 07:39:53.107000,126.0,1.0,127.0,2.0,125.75,1.0,127.5,1.0,125.5,1.0,128.0,2.0,124.5,3.0,129.0,1.0,124.0,2.0,130.0,1.0,123.0,3.0,130.3,2.0,122.55,1.0,,,121.5,1.0,,,121.0,1.0,,,120.0,2.0,,
210,Germany_Baseload#19#0#10000106,2021-10-18 07:40:02.611000,126.0,2.0,127.0,2.0,125.75,1.0,127.5,1.0,125.5,1.0,128.0,2.0,124.5,2.0,129.0,1.0,124.0,2.0,130.0,1.0,123.0,3.0,130.3,2.0,122.55,1.0,,,121.5,1.0,,,121.0,1.0,,,120.0,2.0,,
211,Germany_Baseload#19#0#10000106,2021-10-18 07:40:02.713000,126.0,2.0,127.0,2.0,125.75,1.0,127.5,1.0,125.5,1.0,128.0,2.0,124.5,3.0,129.0,1.0,124.0,2.0,130.0,1.0,123.0,3.0,130.3,2.0,122.55,1.0,,,121.5,1.0,,,121.0,1.0,,,120.0,2.0,,
212,Germany_Baseload#19#0#10000106,2021-10-18 07:40:02.714000,126.0,1.0,127.0,2.0,125.75,1.0,127.5,1.0,125.5,1.0,128.0,2.0,124.5,3.0,129.0,1.0,124.0,2.0,130.0,1.0,123.0,3.0,130.3,2.0,122.55,1.0,,,121.5,1.0,,,121.0,1.0,,,120.0,2.0,,
213,Germany_Baseload#19#0#10000106,2021-10-18 07:40:03.036000,126.0,1.0,127.0,2.0,125.75,1.0,127.5,1.0,125.5,1.0,128.0,2.0,124.5,2.0,129.0,1.0,124.0,2.0,130.0,1.0,123.0,3.0,130.3,2.0,122.55,1.0,,,121.5,1.0,,,121.0,1.0,,,120.0,2.0,,
214,Germany_Baseload#19#0#10000106,2021-10-18 07:40:03.375000,126.0,1.0,127.0,2.0,125.75,1.0,127.5,1.0,125.5,1.0,128.0,2.0,124.5,3.0,129.0,1.0,124.0,2.0,130.0,1.0,123.0,3.0,130.3,2.0,122.55,1.0,,,121.5,1.0,,,121.0,1.0,,,120.0,2.0,,
215,Germany_Baseload#19#0#10000106,2021-10-18 07:40:20.485000,126.0,1.0,127.0,2.0,125.75,1.0,127.5,1.0,125.5,1.0,128.0,2.0,124.5,2.0,129.0,1.0,124.0,2.0,130.0,1.0,123.0,3.0,130.3,2.0,122.55,1.0,,,121.5,1.0,,,121.0,1.0,,,120.0,2.0,,
216,Germany_Baseload#19#0#10000106,2021-10-18 07:40:20.792000,126.0,1.0,127.0,1.0,125.75,1.0,127.5,1.0,125.5,1.0,128.0,2.0,124.5,2.0,129.0,1.0,124.0,2.0,130.0,1.0,123.0,3.0,130.3,2.0,122.55,1.0,,,121.5,1.0,,,121.0,1.0,,,120.0,2.0,,
217,Germany_Baseload#19#0#10000106,2021-10-18 07:40:20.899000,126.0,1.0,127.0,1.0,125.75,1.0,127.5,1.0,125.5,1.0,128.0,2.0,124.5,2.0,129.0,1.0,124.0,2.0,130.0,1.0,123.0,3.0,,,122.55,1.0,,,121.5,1.0,,,121.0,1.0,,,120.0,2.0,,
218,Germany_Baseload#19#0#10000106,2021-10-18 07:40:20.952000,126.0,1.0,127.0,1.0,125.75,1.0,127.5,1.0,125.5,1.0,128.0,2.0,124.5,2.0,129.0,1.0,124.0,2.0,130.0,1.0,123.0,3.0,130.75,1.0,122.55,1.0,,,121.5,1.0,,,121.0,1.0,,,120.0,2.0,,
219,Germany_Baseload#19#0#10000106,2021-10-18 07:40:21.426000,126.0,1.0,127.5,1.0,125.75,1.0,128.0,2.0,125.5,1.0,129.0,1.0,124.5,2.0,130.0,1.0,124.0,2.0,130.75,1.0,123.0,3.0,,,122.55,1.0,,,121.5,1.0,,,121.0,1.0,,,120.0,2.0,,
220,Germany_Baseload#19#0#10000106,2021-10-18 07:40:40.236000,126.0,1.0,127.25,1.0,125.75,1.0,127.5,1.0,125.5,1.0,128.0,2.0,124.5,2.0,129.0,1.0,124.0,2.0,130.0,1.0,123.0,3.0,130.75,1.0,122.55,1.0,,,121.5,1.0,,,121.0,1.0,,,120.0,2.0,,
221,Germany_Baseload#19#0#10000106,2021-10-18 07:40:49.897000,126.0,1.0,127.25,1.0,125.75,1.0,127.5,1.0,125.5,1.0,128.0,2.0,124.5,2.0,129.0,1.0,124.0,2.0,130.0,1.0,123.0,3.0,130.75,1.0,122.55,1.0,,,121.5,1.0,,,121.0,1.0,,,120.0,2.0,,
222,Germany_Baseload#19#0#10000106,2021-10-18 07:40:50.157000,126.0,2.0,127.25,1.0,125.75,1.0,127.5,1.0,125.5,1.0,128.0,2.0,124.5,1.0,129.0,1.0,124.0,2.0,130.0,1.0,123.0,3.0,130.75,1.0,122.55,1.0,,,121.5,1.0,,,121.0,1.0,,,120.0,2.0,,
223,Germany_Baseload#19#0#10000106,2021-10-18 07:40:50.922000,126.0,2.0,127.25,1.0,125.75,1.0,128.0,2.0,125.5,1.0,129.0,1.0,124.5,1.0,130.0,1.0,124.0,2.0,130.75,1.0,123.0,3.0,,,122.55,1.0,,,121.5,1.0,,,121.0,1.0,,,120.0,2.0,,
224,Germany_Baseload#19#0#10000106,2021-10-18 07:40:50.923000,126.0,2.0,127.25,1.0,125.75,1.0,128.0,2.0,125.5,1.0,128.9,1.0,124.5,1.0,129.0,1.0,124.0,2.0,130.0,1.0,123.0,3.0,130.75,1.0,122.55,1.0,,,121.5,1.0,,,121.0,1.0,,,120.0,2.0,,
225,Germany_Baseload#19#0#10000106,2021-10-18 07:41:13.923000,126.1,1.0,127.25,1.0,126.0,2.0,128.0,2.0,125.75,1.0,128.9,1.0,125.5,1.0,129.0,1.0,124.5,1.0,130.0,1.0,124.0,2.0,130.75,1.0,123.0,3.0,,,122.55,1.0,,,121.5,1.0,,,121.0,1.0,,
226,Germany_Baseload#19#0#10000106,2021-10-18 07:41:16.050000,126.1,1.0,127.25,1.0,126.0,2.0,128.0,2.0,125.75,1.0,128.9,1.0,125.5,1.0,129.0,1.0,124.5,1.0,129.75,1.0,124.0,2.0,130.0,1.0,123.0,3.0,130.75,1.0,122.55,1.0,,,121.5,1.0,,,121.0,1.0,,
227,Germany_Baseload#19#0#10000106,2021-10-18 07:41:16.051000,126.1,1.0,127.25,1.0,126.0,2.0,128.0,2.0,125.75,1.0,128.9,1.0,125.5,1.0,129.0,1.0,124.5,1.0,129.75,1.0,124.0,2.0,130.0,1.0,123.0,3.0,,,122.55,1.0,,,121.5,1.0,,,121.0,1.0,,
228,Germany_Baseload#19#0#10000106,2021-10-18 07:41:25.340000,126.1,1.0,127.25,1.0,126.0,2.0,128.0,1.0,125.75,1.0,129.0,1.0,125.5,1.0,129.75,1.0,124.5,1.0,130.0,1.0,124.0,2.0,,,123.0,3.0,,,122.55,1.0,,,121.5,1.0,,,121.0,1.0,,
229,Germany_Baseload#19#0#10000106,2021-10-18 07:41:30.879000,126.1,1.0,127.25,1.0,126.0,2.0,128.0,1.0,125.75,1.0,129.0,1.0,125.5,1.0,129.75,1.0,124.5,1.0,130.0,1.0,124.0,2.0,,,123.0,3.0,,,122.55,1.0,,,121.5,1.0,,,121.0,1.0,,
230,Germany_Baseload#19#0#10000106,2021-10-18 07:42:00.398000,126.1,1.0,127.25,1.0,126.0,1.0,128.0,1.0,125.75,1.0,129.0,1.0,125.5,1.0,129.75,1.0,124.5,1.0,130.0,1.0,124.0,2.0,,,123.0,3.0,,,122.55,1.0,,,121.5,1.0,,,121.0,1.0,,
231,Germany_Baseload#19#0#10000106,2021-10-18 07:42:10.698000,126.1,1.0,127.25,1.0,126.0,1.0,128.0,1.0,125.75,1.0,129.0,1.0,125.5,1.0,129.75,1.0,124.5,1.0,130.0,1.0,124.0,2.0,,,123.0,3.0,,,122.55,1.0,,,121.5,1.0,,,121.0,1.0,,
232,Germany_Baseload#19#0#10000106,2021-10-18 07:42:19.798000,126.1,1.0,127.25,2.0,126.0,1.0,128.0,1.0,125.75,1.0,129.0,1.0,125.5,1.0,129.75,1.0,124.5,1.0,130.0,1.0,124.0,2.0,,,123.0,3.0,,,122.55,1.0,,,121.5,1.0,,,121.0,1.0,,
233,Germany_Baseload#19#0#10000106,2021-10-18 07:42:34.222000,126.1,1.0,127.25,1.0,126.0,1.0,128.0,2.0,125.75,1.0,129.0,1.0,125.5,1.0,129.75,1.0,124.5,1.0,130.0,1.0,124.0,2.0,,,123.0,3.0,,,122.55,1.0,,,121.5,1.0,,,121.0,1.0,,
234,Germany_Baseload#19#0#10000106,2021-10-18 07:42:44.829000,126.0,1.0,127.25,1.0,125.75,1.0,128.0,2.0,125.5,1.0,129.0,1.0,124.5,1.0,129.75,1.0,124.0,2.0,130.0,1.0,123.0,3.0,,,122.55,1.0,,,121.5,1.0,,,121.0,1.0,,,120.0,2.0,,
235,Germany_Baseload#19#0#10000106,2021-10-18 07:43:13.378000,125.75,1.0,127.25,1.0,125.5,1.0,128.0,2.0,124.5,1.0,129.0,1.0,124.0,2.0,129.75,1.0,123.0,3.0,130.0,1.0,122.55,1.0,,,121.5,1.0,,,121.0,1.0,,,120.0,2.0,,,118.0,2.0,,
236,Germany_Baseload#19#0#10000106,2021-10-18 07:43:15.351000,125.75,1.0,127.25,1.0,125.5,1.0,128.0,2.0,124.5,1.0,129.0,1.0,124.0,2.0,129.75,1.0,123.0,3.0,130.0,1.0,122.55,1.0,,,121.5,1.0,,,121.0,1.0,,,120.0,2.0,,,118.0,2.0,,
237,Germany_Baseload#19#0#10000106,2021-10-18 07:43:15.601000,125.75,1.0,127.25,1.0,125.5,1.0,128.0,2.0,124.5,2.0,129.0,1.0,124.0,2.0,129.75,1.0,123.0,3.0,130.0,1.0,122.55,1.0,,,121.5,1.0,,,121.0,1.0,,,120.0,2.0,,,118.0,2.0,,
238,Germany_Baseload#19#0#10000106,2021-10-18 07:43:28.648000,125.75,1.0,127.25,1.0,125.5,1.0,128.0,2.0,124.5,2.0,129.0,1.0,124.3,1.0,129.75,1.0,124.0,2.0,130.0,1.0,123.0,3.0,,,122.55,1.0,,,121.5,1.0,,,121.0,1.0,,,120.0,2.0,,
239,Germany_Baseload#19#0#10000106,2021-10-18 07:43:33.382000,125.75,1.0,127.25,1.0,125.5,1.0,128.0,2.0,124.5,2.0,129.0,1.0,124.3,1.0,129.75,1.0,124.0,2.0,130.0,1.0,123.0,3.0,,,122.55,1.0,,,121.5,1.0,,,121.0,1.0,,,120.0,2.0,,
240,Germany_Baseload#19#0#10000106,2021-10-18 07:43:43.270000,125.75,1.0,127.25,1.0,125.5,1.0,128.0,2.0,124.5,2.0,129.0,1.0,124.3,1.0,129.75,1.0,124.0,2.0,130.0,1.0,123.5,1.0,,,123.0,3.0,,,122.55,1.0,,,121.5,1.0,,,121.0,1.0,,
241,Germany_Baseload#19#0#10000106,2021-10-18 07:43:44.581000,126.0,1.0,127.25,1.0,125.75,1.0,128.0,2.0,125.5,1.0,129.0,1.0,124.5,2.0,129.75,1.0,124.3,1.0,130.0,1.0,124.0,2.0,,,123.5,1.0,,,123.0,3.0,,,122.55,1.0,,,121.5,1.0,,
242,Germany_Baseload#19#0#10000106,2021-10-18 07:44:09.037000,126.0,1.0,127.25,1.0,125.75,1.0,128.0,3.0,125.5,1.0,129.0,1.0,124.5,2.0,129.75,1.0,124.3,1.0,130.0,1.0,124.0,2.0,,,123.5,1.0,,,123.0,3.0,,,122.55,1.0,,,121.5,1.0,,
243,Germany_Baseload#19#0#10000106,2021-10-18 07:44:21.221000,126.0,1.0,127.25,1.0,125.75,1.0,127.95,1.0,125.5,1.0,128.0,3.0,124.5,2.0,129.0,1.0,124.3,1.0,129.75,1.0,124.0,2.0,130.0,1.0,123.5,1.0,,,123.0,3.0,,,122.55,1.0,,,121.5,1.0,,
244,Germany_Baseload#19#0#10000106,2021-10-18 07:44:33.511000,126.0,1.0,127.25,1.0,125.75,1.0,127.95,1.0,125.5,1.0,128.0,2.0,124.5,2.0,128.5,1.0,124.3,1.0,129.0,1.0,124.0,2.0,129.75,1.0,123.5,1.0,130.0,1.0,123.0,3.0,,,122.55,1.0,,,121.5,1.0,,
245,Germany_Baseload#19#0#10000106,2021-10-18 07:45:04.573000,126.0,1.0,127.95,1.0,125.75,1.0,128.0,2.0,125.5,1.0,128.5,1.0,124.5,2.0,129.0,1.0,124.3,1.0,129.75,1.0,124.0,2.0,130.0,1.0,123.5,1.0,,,123.0,3.0,,,122.55,1.0,,,121.5,1.0,,
246,Germany_Baseload#19#0#10000106,2021-10-18 07:45:07.491000,126.0,1.0,127.95,1.0,125.75,1.0,128.0,2.0,125.5,1.0,128.5,1.0,124.5,2.0,129.0,1.0,124.3,1.0,129.75,1.0,124.0,1.0,130.0,1.0,123.0,3.0,,,122.55,1.0,,,121.5,1.0,,,121.0,1.0,,
247,Germany_Baseload#19#0#10000106,2021-10-18 07:45:35.256000,126.0,1.0,127.95,1.0,125.75,1.0,128.0,1.0,125.5,1.0,128.4,1.0,124.5,2.0,128.5,1.0,124.3,1.0,129.0,1.0,124.0,1.0,129.75,1.0,123.0,3.0,130.0,1.0,122.55,1.0,,,121.5,1.0,,,121.0,1.0,,
248,Germany_Baseload#19#0#10000106,2021-10-18 07:45:35.359000,126.0,1.0,128.0,2.0,125.75,1.0,128.4,1.0,125.5,1.0,128.5,1.0,124.5,2.0,129.0,1.0,124.3,1.0,129.75,1.0,124.0,1.0,130.0,1.0,123.0,3.0,,,122.55,1.0,,,121.5,1.0,,,121.0,1.0,,
249,Germany_Baseload#19#0#10000106,2021-10-18 07:45:42.927000,126.0,1.0,128.0,2.0,125.75,1.0,128.4,1.0,125.5,1.0,128.5,1.0,124.5,2.0,129.0,1.0,124.3,1.0,130.0,1.0,124.0,1.0,,,123.0,3.0,,,122.55,1.0,,,121.5,1.0,,,121.0,1.0,,
250,Germany_Baseload#19#0#10000106,2021-10-18 07:45:43.002000,126.0,1.0,128.0,2.0,125.75,1.0,128.4,1.0,125.5,1.0,128.5,1.0,124.5,2.0,129.0,1.0,124.3,1.0,130.0,1.0,124.0,1.0,130.32,1.0,123.0,3.0,,,122.55,1.0,,,121.5,1.0,,,121.0,1.0,,
251,Germany_Baseload#19#0#10000106,2021-10-18 07:45:43.867000,126.0,1.0,128.0,2.0,125.75,1.0,128.5,1.0,125.5,1.0,129.0,1.0,124.5,2.0,130.0,1.0,124.3,1.0,130.32,1.0,124.0,1.0,,,123.0,3.0,,,122.55,1.0,,,121.5,1.0,,,121.0,1.0,,
252,Germany_Baseload#19#0#10000106,2021-10-18 07:45:51.288000,126.0,1.0,128.0,2.0,125.75,1.0,128.5,1.0,125.5,1.0,129.0,1.0,124.5,2.0,130.0,1.0,124.3,1.0,,,124.0,1.0,,,123.0,3.0,,,122.55,1.0,,,121.5,1.0,,,121.0,1.0,,
253,Germany_Baseload#19#0#10000106,2021-10-18 07:45:51.343000,126.0,1.0,128.0,2.0,125.75,1.0,128.5,1.0,125.5,1.0,129.0,1.0,124.5,2.0,130.0,1.0,124.3,1.0,130.5,1.0,124.0,1.0,,,123.0,3.0,,,122.55,1.0,,,121.5,1.0,,,121.0,1.0,,
254,Germany_Baseload#19#0#10000106,2021-10-18 07:45:57.271000,126.0,1.0,128.0,1.0,125.75,1.0,128.5,1.0,125.5,1.0,129.0,1.0,124.5,2.0,130.0,1.0,124.3,1.0,130.5,1.0,124.0,1.0,,,123.0,3.0,,,122.55,1.0,,,121.5,1.0,,,121.0,1.0,,
255,Germany_Baseload#19#0#10000106,2021-10-18 07:46:08.293000,126.0,1.0,128.0,1.0,125.75,1.0,128.5,1.0,125.5,1.0,129.0,1.0,124.5,2.0,130.0,1.0,124.3,1.0,,,124.0,1.0,,,123.0,3.0,,,122.55,1.0,,,121.5,1.0,,,121.0,1.0,,
256,Germany_Baseload#19#0#10000106,2021-10-18 07:46:08.347000,126.0,1.0,128.0,1.0,125.75,1.0,128.5,1.0,125.5,1.0,129.0,1.0,124.5,2.0,130.0,1.0,124.3,1.0,130.75,1.0,124.0,1.0,,,123.0,3.0,,,122.55,1.0,,,121.5,1.0,,,121.0,1.0,,
257,Germany_Baseload#19#0#10000106,2021-10-18 07:46:28.301000,126.0,1.0,128.0,1.0,125.75,1.0,128.5,1.0,125.5,1.0,129.0,1.0,124.5,2.0,130.0,1.0,124.3,1.0,130.75,1.0,124.0,1.0,,,123.0,3.0,,,122.55,1.0,,,121.5,1.0,,,121.0,1.0,,
258,Germany_Baseload#19#0#10000106,2021-10-18 07:46:28.710000,126.0,1.0,128.0,1.0,125.75,1.0,128.5,1.0,125.5,1.0,129.0,1.0,124.5,1.0,130.0,1.0,124.3,1.0,130.75,1.0,124.0,1.0,,,123.0,3.0,,,122.55,1.0,,,121.5,1.0,,,121.0,1.0,,
259,Germany_Baseload#19#0#10000106,2021-10-18 07:46:32.364000,126.0,1.0,128.0,1.0,125.75,1.0,128.5,1.0,125.5,1.0,129.0,1.0,124.5,1.0,130.0,1.0,124.3,5.0,130.75,1.0,124.0,1.0,,,123.0,3.0,,,122.55,1.0,,,121.5,1.0,,,121.0,1.0,,
260,Germany_Baseload#19#0#10000106,2021-10-18 07:46:36.376000,126.0,1.0,128.0,1.0,125.75,1.0,128.5,1.0,125.5,1.0,129.0,2.0,124.5,1.0,130.0,1.0,124.3,5.0,130.75,1.0,124.0,1.0,,,123.0,3.0,,,122.55,1.0,,,121.5,1.0,,,121.0,1.0,,
261,Germany_Baseload#19#0#10000106,2021-10-18 07:46:38.039000,126.0,1.0,128.0,1.0,125.75,1.0,128.5,1.0,125.5,1.0,129.0,6.0,124.5,1.0,130.0,1.0,124.3,5.0,130.75,1.0,124.0,1.0,,,123.0,3.0,,,122.55,1.0,,,121.5,1.0,,,121.0,1.0,,
262,Germany_Baseload#19#0#10000106,2021-10-18 07:46:49.671000,126.0,1.0,128.0,1.0,125.75,1.0,128.5,1.0,125.5,1.0,129.0,1.0,124.5,1.0,130.0,1.0,124.3,5.0,130.75,1.0,124.0,1.0,,,123.0,3.0,,,122.55,1.0,,,121.5,1.0,,,121.0,1.0,,
263,Germany_Baseload#19#0#10000106,2021-10-18 07:46:51.083000,126.0,1.0,128.0,2.0,125.75,1.0,128.5,1.0,125.5,1.0,129.0,1.0,124.5,1.0,130.0,1.0,124.3,5.0,130.75,1.0,124.0,1.0,,,123.0,3.0,,,122.55,1.0,,,121.5,1.0,,,121.0,1.0,,
264,Germany_Baseload#19#0#10000106,2021-10-18 07:46:51.084000,126.0,1.0,128.0,2.0,125.75,1.0,128.5,1.0,125.5,1.0,128.75,5.0,124.5,1.0,129.0,1.0,124.3,5.0,130.0,1.0,124.0,1.0,130.75,1.0,123.0,3.0,,,122.55,1.0,,,121.5,1.0,,,121.0,1.0,,
265,Germany_Baseload#19#0#10000106,2021-10-18 07:46:51.188000,126.0,1.0,128.0,2.0,125.75,1.0,128.5,1.0,125.5,1.0,128.75,5.0,124.5,1.0,128.9,1.0,124.3,5.0,129.0,1.0,124.0,1.0,130.0,1.0,123.0,3.0,130.75,1.0,122.55,1.0,,,121.5,1.0,,,121.0,1.0,,
266,Germany_Baseload#19#0#10000106,2021-10-18 07:46:51.283000,126.0,1.0,128.0,2.0,125.75,1.0,128.5,1.0,125.5,1.0,128.75,6.0,124.5,1.0,129.0,1.0,124.3,5.0,130.0,1.0,124.0,1.0,130.75,1.0,123.0,3.0,,,122.55,1.0,,,121.5,1.0,,,121.0,1.0,,
267,Germany_Baseload#19#0#10000106,2021-10-18 07:46:55.952000,126.0,1.0,128.5,1.0,125.75,1.0,128.75,6.0,125.5,1.0,129.0,1.0,124.5,1.0,130.0,1.0,124.3,5.0,130.75,1.0,124.0,1.0,,,123.0,3.0,,,122.55,1.0,,,121.5,1.0,,,121.0,1.0,,
268,Germany_Baseload#19#0#10000106,2021-10-18 07:46:56.460000,126.0,1.0,128.5,1.0,125.75,1.0,128.75,6.0,125.5,1.0,129.0,1.0,124.5,1.0,130.0,1.0,124.3,5.0,130.75,1.0,124.0,1.0,,,123.0,3.0,,,122.55,1.0,,,121.5,1.0,,,121.0,1.0,,
269,Germany_Baseload#19#0#10000106,2021-10-18 07:46:56.461000,126.0,1.0,128.5,1.0,125.75,1.0,128.75,5.0,125.5,1.0,129.0,1.0,124.5,1.0,130.0,1.0,124.3,5.0,130.75,1.0,124.0,1.0,,,123.0,3.0,,,122.55,1.0,,,121.5,1.0,,,121.0,1.0,,
270,Germany_Baseload#19#0#10000106,2021-10-18 07:46:56.462000,126.0,1.0,128.5,1.0,125.75,1.0,129.0,1.0,125.5,1.0,130.0,1.0,124.5,1.0,130.75,1.0,124.3,5.0,,,124.0,1.0,,,123.0,3.0,,,122.55,1.0,,,121.5,1.0,,,121.0,1.0,,
271,Germany_Baseload#19#0#10000106,2021-10-18 07:46:58.283000,126.0,1.0,128.5,1.0,125.75,1.0,129.0,1.0,125.5,1.0,130.0,1.0,124.5,1.0,,,124.3,5.0,,,124.0,1.0,,,123.0,3.0,,,122.55,1.0,,,121.5,1.0,,,121.0,1.0,,
272,Germany_Baseload#19#0#10000106,2021-10-18 07:46:58.336000,126.0,1.0,128.5,1.0,125.75,1.0,129.0,1.0,125.5,1.0,130.0,1.0,124.5,1.0,132.25,1.0,124.3,5.0,,,124.0,1.0,,,123.0,3.0,,,122.55,1.0,,,121.5,1.0,,,121.0,1.0,,
273,Germany_Baseload#19#0#10000106,2021-10-18 07:46:59.616000,126.0,1.0,128.5,1.0,125.75,1.0,128.9,5.0,125.5,1.0,129.0,1.0,124.5,1.0,130.0,1.0,124.3,5.0,132.25,1.0,124.0,1.0,,,123.0,3.0,,,122.55,1.0,,,121.5,1.0,,,121.0,1.0,,
274,Germany_Baseload#19#0#10000106,2021-10-18 07:46:59.617000,126.0,1.0,128.5,1.0,125.75,1.0,128.75,5.0,125.5,1.0,128.9,5.0,124.5,1.0,129.0,1.0,124.3,5.0,130.0,1.0,124.0,1.0,132.25,1.0,123.0,3.0,,,122.55,1.0,,,121.5,1.0,,,121.0,1.0,,
275,Germany_Baseload#19#0#10000106,2021-10-18 07:47:33.378000,126.0,1.0,128.5,1.0,125.85,1.0,128.75,5.0,125.75,1.0,128.9,5.0,125.5,1.0,129.0,1.0,124.5,1.0,130.0,1.0,124.3,5.0,132.25,1.0,124.0,1.0,,,123.0,3.0,,,122.55,1.0,,,121.5,1.0,,
276,Germany_Baseload#19#0#10000106,2021-10-18 07:47:45.503000,126.0,1.0,128.5,1.0,125.85,1.0,128.75,5.0,125.75,1.0,128.9,5.0,125.5,1.0,129.0,1.0,124.5,6.0,130.0,1.0,124.0,1.0,132.25,1.0,123.0,3.0,,,122.55,1.0,,,121.5,1.0,,,121.0,1.0,,
277,Germany_Baseload#19#0#10000106,2021-10-18 07:47:51.053000,126.0,1.0,128.5,1.0,125.85,1.0,128.75,5.0,125.75,1.0,128.9,5.0,125.5,1.0,129.0,1.0,124.5,6.0,129.5,1.0,124.0,1.0,130.0,1.0,123.0,3.0,132.25,1.0,122.55,1.0,,,121.5,1.0,,,121.0,1.0,,
278,Germany_Baseload#19#0#10000106,2021-10-18 07:48:27.091000,126.0,1.0,128.5,1.0,125.85,1.0,128.75,5.0,125.75,1.0,128.9,5.0,125.5,1.0,129.0,1.0,125.0,1.0,129.5,1.0,124.5,6.0,130.0,1.0,124.0,2.0,132.25,1.0,123.0,3.0,,,122.55,1.0,,,121.5,1.0,,
279,Germany_Baseload#19#0#10000106,2021-10-18 07:48:30.377000,126.0,1.0,128.5,1.0,125.85,1.0,128.9,5.0,125.75,1.0,129.0,1.0,125.5,1.0,129.5,1.0,125.0,1.0,130.0,1.0,124.5,6.0,132.25,1.0,124.0,2.0,,,123.0,3.0,,,122.55,1.0,,,121.5,1.0,,
280,Germany_Baseload#19#0#10000106,2021-10-18 07:48:30.478000,126.0,1.0,128.5,1.0,125.85,1.0,129.0,1.0,125.75,1.0,129.5,1.0,125.5,1.0,130.0,1.0,125.0,1.0,132.25,1.0,124.5,6.0,,,124.0,2.0,,,123.0,3.0,,,122.55,1.0,,,121.5,1.0,,
281,Germany_Baseload#19#0#10000106,2021-10-18 07:48:30.581000,126.0,1.0,128.5,1.0,125.85,1.0,128.94,1.0,125.75,1.0,129.0,1.0,125.5,1.0,129.5,1.0,125.0,1.0,130.0,1.0,124.5,6.0,132.25,1.0,124.0,2.0,,,123.0,3.0,,,122.55,1.0,,,121.5,1.0,,
282,Germany_Baseload#19#0#10000106,2021-10-18 07:48:32.285000,126.0,1.0,128.5,1.0,125.85,1.0,128.94,1.0,125.75,1.0,129.0,1.0,125.5,1.0,129.5,1.0,125.0,1.0,130.0,1.0,124.5,6.0,,,124.0,2.0,,,123.0,3.0,,,122.55,1.0,,,121.5,1.0,,
283,Germany_Baseload#19#0#10000106,2021-10-18 07:48:32.336000,126.0,1.0,128.5,1.0,125.85,1.0,128.94,1.0,125.75,1.0,129.0,1.0,125.5,1.0,129.5,1.0,125.0,1.0,130.0,1.0,124.5,6.0,132.75,1.0,124.0,2.0,,,123.0,3.0,,,122.55,1.0,,,121.5,1.0,,
284,Germany_Baseload#19#0#10000106,2021-10-18 07:48:41.073000,126.0,1.0,128.5,1.0,125.85,1.0,128.94,1.0,125.75,1.0,129.5,1.0,125.5,1.0,130.0,1.0,125.0,1.0,132.75,1.0,124.5,6.0,,,124.0,2.0,,,123.0,3.0,,,122.55,1.0,,,121.5,1.0,,
285,Germany_Baseload#19#0#10000106,2021-10-18 07:49:25.341000,127.5,1.0,128.5,1.0,126.0,1.0,128.94,1.0,125.85,1.0,129.5,1.0,125.75,1.0,130.0,1.0,125.5,1.0,132.75,1.0,125.0,1.0,,,124.5,6.0,,,124.0,2.0,,,123.0,3.0,,,122.55,1.0,,
286,Germany_Baseload#19#0#10000106,2021-10-18 07:49:25.606000,127.5,1.0,128.5,1.0,126.0,1.0,129.5,1.0,125.85,1.0,130.0,1.0,125.75,1.0,132.75,1.0,125.5,1.0,,,125.0,1.0,,,124.5,6.0,,,124.0,2.0,,,123.0,3.0,,,122.55,1.0,,
287,Germany_Baseload#19#0#10000106,2021-10-18 07:50:24.585000,126.0,1.0,128.5,1.0,125.85,1.0,129.5,1.0,125.75,1.0,130.0,1.0,125.5,1.0,132.75,1.0,125.0,1.0,,,124.5,6.0,,,124.0,2.0,,,123.0,3.0,,,122.55,1.0,,,121.5,1.0,,
288,Germany_Baseload#19#0#10000106,2021-10-18 07:50:24.826000,126.0,1.0,128.5,1.0,125.85,1.0,129.45,1.0,125.75,1.0,129.5,1.0,125.5,1.0,130.0,1.0,125.0,1.0,132.75,1.0,124.5,6.0,,,124.0,2.0,,,123.0,3.0,,,122.55,1.0,,,121.5,1.0,,
289,Germany_Baseload#19#0#10000106,2021-10-18 07:50:33.737000,126.0,1.0,128.5,1.0,125.75,1.0,129.45,1.0,125.6,1.0,129.5,1.0,125.5,1.0,130.0,1.0,125.0,1.0,132.75,1.0,124.5,6.0,,,124.0,2.0,,,123.0,3.0,,,122.55,1.0,,,121.5,1.0,,
290,Germany_Baseload#19#0#10000106,2021-10-18 07:50:39.101000,126.0,1.0,128.5,1.0,125.75,1.0,129.45,1.0,125.6,1.0,129.5,1.0,125.5,1.0,130.0,1.0,125.0,1.0,132.75,1.0,124.5,1.0,,,124.0,2.0,,,123.0,3.0,,,122.55,1.0,,,121.5,1.0,,
291,Germany_Baseload#19#0#10000106,2021-10-18 07:50:41.288000,126.0,1.0,128.5,1.0,125.75,1.0,129.45,1.0,125.6,1.0,129.5,1.0,125.5,1.0,130.0,1.0,125.0,1.0,132.5,1.0,124.5,1.0,,,124.0,2.0,,,123.0,3.0,,,122.55,1.0,,,121.5,1.0,,
292,Germany_Baseload#19#0#10000106,2021-10-18 07:51:04.351000,126.0,1.0,128.5,1.0,125.75,1.0,129.45,1.0,125.6,1.0,129.5,1.0,125.5,1.0,130.0,1.0,125.0,1.0,,,124.5,1.0,,,124.0,2.0,,,123.0,3.0,,,122.55,1.0,,,121.5,1.0,,
293,Germany_Baseload#19#0#10000106,2021-10-18 07:51:05.378000,126.0,1.0,128.5,1.0,125.75,1.0,129.25,2.0,125.6,1.0,129.45,1.0,125.5,1.0,129.5,1.0,125.0,1.0,130.0,1.0,124.5,1.0,,,124.0,2.0,,,123.0,3.0,,,122.55,1.0,,,121.5,1.0,,
294,Germany_Baseload#19#0#10000106,2021-10-18 07:51:05.475000,126.0,1.0,128.5,1.0,125.75,1.0,129.2,1.0,125.6,1.0,129.25,2.0,125.5,1.0,129.45,1.0,125.0,1.0,129.5,1.0,124.5,1.0,130.0,1.0,124.0,2.0,,,123.0,3.0,,,122.55,1.0,,,121.5,1.0,,
295,Germany_Baseload#19#0#10000106,2021-10-18 07:51:05.476000,126.0,1.0,128.5,1.0,125.75,1.0,129.2,1.0,125.6,1.0,129.25,2.0,125.5,1.0,129.5,1.0,125.0,1.0,130.0,1.0,124.5,1.0,,,124.0,2.0,,,123.0,3.0,,,122.55,1.0,,,121.5,1.0,,
296,Germany_Baseload#19#0#10000106,2021-10-18 07:51:27.237000,126.0,1.0,128.5,1.0,125.75,1.0,129.2,1.0,125.6,1.0,129.25,2.0,125.5,1.0,129.5,1.0,125.0,1.0,130.0,1.0,124.5,1.0,,,124.0,2.0,,,123.0,3.0,,,122.55,1.0,,,121.5,1.0,,
297,Germany_Baseload#19#0#10000106,2021-10-18 07:51:27.980000,126.0,1.0,128.5,1.0,125.75,1.0,128.6,1.0,125.6,1.0,129.2,1.0,125.5,1.0,129.25,2.0,125.0,1.0,129.5,1.0,124.5,1.0,130.0,1.0,124.0,2.0,,,123.0,3.0,,,122.55,1.0,,,121.5,1.0,,
298,Germany_Baseload#19#0#10000106,2021-10-18 07:51:37.598000,126.0,1.0,128.5,1.0,125.75,1.0,128.6,1.0,125.6,1.0,129.2,1.0,125.5,1.0,129.25,2.0,125.0,2.0,129.5,1.0,124.5,1.0,130.0,1.0,124.0,2.0,,,123.0,3.0,,,122.55,1.0,,,121.5,1.0,,
299,Germany_Baseload#19#0#10000106,2021-10-18 07:51:45.020000,126.0,1.0,128.5,1.0,125.75,1.0,128.6,1.0,125.6,1.0,129.2,1.0,125.5,1.0,129.25,2.0,125.0,1.0,129.5,1.0,124.5,6.0,130.0,1.0,124.0,2.0,,,123.0,3.0,,,122.55,1.0,,,121.5,1.0,,
300,Germany_Baseload#19#0#10000106,2021-10-18 07:51:46.388000,126.0,1.0,128.5,1.0,125.75,1.0,128.6,1.0,125.6,1.0,129.2,1.0,125.5,1.0,129.25,2.0,125.0,1.0,129.5,5.0,124.5,6.0,130.0,1.0,124.0,2.0,,,123.0,3.0,,,122.55,1.0,,,121.5,1.0,,
301,Germany_Baseload#19#0#10000106,2021-10-18 07:51:56.961000,126.0,1.0,128.5,1.0,125.75,1.0,128.6,1.0,125.6,1.0,129.2,1.0,125.5,1.0,129.25,2.0,125.0,1.0,129.5,5.0,124.5,6.0,130.0,1.0,124.0,2.0,,,123.0,3.0,,,122.55,1.0,,,121.5,1.0,,
302,Germany_Baseload#19#0#10000106,2021-10-18 07:51:56.962000,126.0,1.0,128.5,1.0,125.75,1.0,128.6,1.0,125.5,1.0,129.2,1.0,125.0,1.0,129.25,2.0,124.5,6.0,129.5,5.0,124.0,2.0,130.0,1.0,123.0,3.0,,,122.55,1.0,,,121.5,1.0,,,121.0,1.0,,
303,Germany_Baseload#19#0#10000106,2021-10-18 07:51:57.195000,126.0,1.0,128.5,1.0,125.75,1.0,128.6,1.0,125.5,1.0,129.2,1.0,125.4,1.0,129.25,2.0,125.0,1.0,129.5,5.0,124.5,6.0,130.0,1.0,124.0,2.0,,,123.0,3.0,,,122.55,1.0,,,121.5,1.0,,
304,Germany_Baseload#19#0#10000106,2021-10-18 07:52:10.315000,126.0,1.0,128.5,1.0,125.75,1.0,128.6,1.0,125.5,1.0,129.1,2.0,125.4,1.0,129.2,1.0,125.0,1.0,129.25,2.0,124.5,6.0,129.5,5.0,124.0,2.0,130.0,1.0,123.0,3.0,,,122.55,1.0,,,121.5,1.0,,
305,Germany_Baseload#19#0#10000106,2021-10-18 07:52:10.316000,126.0,1.0,128.5,1.0,125.75,1.0,128.6,1.0,125.5,1.0,129.1,2.0,125.4,1.0,129.2,1.0,125.0,1.0,129.5,5.0,124.5,6.0,130.0,1.0,124.0,2.0,,,123.0,3.0,,,122.55,1.0,,,121.5,1.0,,
306,Germany_Baseload#19#0#10000106,2021-10-18 07:52:10.415000,126.0,1.0,128.5,1.0,125.75,1.0,128.6,1.0,125.5,1.0,129.05,1.0,125.4,1.0,129.1,2.0,125.0,1.0,129.5,5.0,124.5,6.0,130.0,1.0,124.0,2.0,,,123.0,3.0,,,122.55,1.0,,,121.5,1.0,,
307,Germany_Baseload#19#0#10000106,2021-10-18 07:52:22.030000,126.0,1.0,128.5,1.0,125.75,1.0,128.6,1.0,125.5,1.0,129.0,1.0,125.4,1.0,129.05,1.0,125.0,1.0,129.1,2.0,124.5,6.0,129.5,5.0,124.0,2.0,130.0,1.0,123.0,3.0,,,122.55,1.0,,,121.5,1.0,,
308,Germany_Baseload#19#0#10000106,2021-10-18 07:52:22.133000,126.0,1.0,128.5,1.0,125.75,1.0,128.6,1.0,125.5,1.0,129.0,2.0,125.4,1.0,129.1,2.0,125.0,1.0,129.5,5.0,124.5,6.0,130.0,1.0,124.0,2.0,,,123.0,3.0,,,122.55,1.0,,,121.5,1.0,,
309,Germany_Baseload#19#0#10000106,2021-10-18 07:52:45.903000,126.0,1.0,128.5,1.0,125.75,1.0,128.6,1.0,125.5,1.0,129.0,2.0,125.4,1.0,129.1,2.0,125.0,1.0,129.5,5.0,124.5,6.0,130.0,1.0,124.0,2.0,,,123.0,3.0,,,122.55,1.0,,,121.5,1.0,,
310,Germany_Baseload#19#0#10000106,2021-10-18 07:52:51.171000,126.0,1.0,128.5,1.0,125.75,1.0,128.6,1.0,125.5,2.0,129.0,2.0,125.4,1.0,129.1,2.0,125.0,1.0,129.5,5.0,124.5,6.0,130.0,1.0,124.0,2.0,,,123.0,3.0,,,122.55,1.0,,,121.5,1.0,,
311,Germany_Baseload#19#0#10000106,2021-10-18 07:52:54.757000,126.0,1.0,128.5,1.0,125.75,1.0,128.6,1.0,125.5,2.0,128.9,1.0,125.4,1.0,129.0,2.0,125.0,1.0,129.1,2.0,124.5,6.0,129.5,5.0,124.0,2.0,130.0,1.0,123.0,3.0,,,122.55,1.0,,,121.5,1.0,,
312,Germany_Baseload#19#0#10000106,2021-10-18 07:52:54.758000,126.0,1.0,128.5,1.0,125.75,1.0,128.6,1.0,125.5,2.0,128.9,1.0,125.4,1.0,129.0,1.0,125.0,1.0,129.1,2.0,124.5,6.0,129.5,5.0,124.0,2.0,130.0,1.0,123.0,3.0,,,122.55,1.0,,,121.5,1.0,,
313,Germany_Baseload#19#0#10000106,2021-10-18 07:53:20.336000,126.0,1.0,128.5,1.0,125.75,1.0,128.6,1.0,125.5,2.0,128.9,1.0,125.4,1.0,129.0,1.0,125.0,1.0,129.5,5.0,124.5,6.0,130.0,1.0,124.0,2.0,,,123.0,3.0,,,122.55,1.0,,,121.5,1.0,,
314,Germany_Baseload#19#0#10000106,2021-10-18 07:53:21.439000,126.0,1.0,128.5,1.0,125.75,1.0,128.6,1.0,125.5,2.0,128.9,1.0,125.4,1.0,129.0,1.0,125.0,1.0,129.5,5.0,124.5,6.0,130.0,1.0,124.0,2.0,,,123.0,3.0,,,122.55,1.0,,,121.5,1.0,,
315,Germany_Baseload#19#0#10000106,2021-10-18 07:53:36.318000,126.0,1.0,128.5,1.0,125.75,1.0,128.6,1.0,125.5,2.0,128.9,1.0,125.4,1.0,129.0,1.0,125.0,1.0,129.5,5.0,124.5,6.0,130.0,1.0,124.0,2.0,,,123.0,3.0,,,122.55,1.0,,,121.5,1.0,,
316,Germany_Baseload#19#0#10000106,2021-10-18 07:54:08.556000,126.0,1.0,128.5,1.0,125.75,1.0,128.6,1.0,125.5,2.0,128.9,1.0,125.4,1.0,129.0,1.0,125.0,1.0,130.0,6.0,124.5,6.0,,,124.0,2.0,,,123.0,3.0,,,122.55,1.0,,,121.5,1.0,,
317,Germany_Baseload#19#0#10000106,2021-10-18 07:54:14.468000,126.0,1.0,128.5,1.0,125.75,1.0,128.6,1.0,125.5,2.0,128.9,1.0,125.4,1.0,129.0,1.0,125.0,6.0,130.0,6.0,124.5,1.0,,,124.0,2.0,,,123.0,3.0,,,122.55,1.0,,,121.5,1.0,,
318,Germany_Baseload#19#0#10000106,2021-10-18 07:54:15.547000,126.0,1.0,128.5,1.0,125.75,1.0,128.6,1.0,125.5,2.0,128.9,1.0,125.4,1.0,129.0,1.0,125.0,6.0,130.0,6.0,124.5,1.0,,,124.0,2.0,,,123.0,3.0,,,122.55,1.0,,,121.5,1.0,,
319,Germany_Baseload#19#0#10000106,2021-10-18 07:54:15.734000,126.0,1.0,128.5,1.0,125.75,1.0,128.6,1.0,125.5,2.0,128.75,1.0,125.4,1.0,128.9,1.0,125.0,6.0,129.0,1.0,124.5,1.0,130.0,6.0,124.0,2.0,,,123.0,3.0,,,122.55,1.0,,,121.5,1.0,,
320,Germany_Baseload#19#0#10000106,2021-10-18 07:54:21.241000,126.0,1.0,128.5,1.0,125.75,1.0,128.6,1.0,125.5,2.0,128.75,1.0,125.4,1.0,128.95,1.0,125.0,6.0,129.0,1.0,124.5,1.0,130.0,6.0,124.0,2.0,,,123.0,3.0,,,122.55,1.0,,,121.5,1.0,,
321,Germany_Baseload#19#0#10000106,2021-10-18 07:54:21.341000,126.0,1.0,128.5,1.0,125.75,1.0,128.6,1.0,125.5,2.0,128.75,1.0,125.4,1.0,128.95,2.0,125.0,6.0,129.0,1.0,124.5,1.0,130.0,6.0,124.0,2.0,,,123.0,3.0,,,122.55,1.0,,,121.5,1.0,,
322,Germany_Baseload#19#0#10000106,2021-10-18 07:54:21.342000,126.0,1.0,128.5,1.0,125.75,1.0,128.6,1.0,125.5,2.0,128.75,1.0,125.4,1.0,128.95,2.0,125.0,6.0,130.0,6.0,124.5,1.0,,,124.0,2.0,,,123.0,3.0,,,122.55,1.0,,,121.5,1.0,,
323,Germany_Baseload#19#0#10000106,2021-10-18 07:54:26.288000,126.0,1.0,128.5,1.0,125.75,1.0,128.6,1.0,125.5,2.0,128.75,1.0,125.4,1.0,128.95,2.0,125.0,6.0,130.0,6.0,124.5,1.0,,,124.0,2.0,,,123.0,3.0,,,122.55,1.0,,,121.5,1.0,,
324,Germany_Baseload#19#0#10000106,2021-10-18 07:54:33.652000,126.0,1.0,128.5,1.0,125.75,1.0,128.6,1.0,125.7,1.0,128.75,1.0,125.5,1.0,128.95,2.0,125.4,1.0,130.0,6.0,125.0,6.0,,,124.5,1.0,,,124.0,2.0,,,123.0,3.0,,,122.55,1.0,,
325,Germany_Baseload#19#0#10000106,2021-10-18 07:54:38.491000,126.0,1.0,128.5,1.0,125.75,1.0,128.6,1.0,125.7,1.0,128.75,1.0,125.5,1.0,128.95,2.0,125.4,1.0,130.0,6.0,125.0,6.0,,,124.5,1.0,,,124.0,2.0,,,123.0,3.0,,,122.55,1.0,,
326,Germany_Baseload#19#0#10000106,2021-10-18 07:54:54.340000,128.0,1.0,128.5,1.0,126.0,1.0,128.6,1.0,125.75,1.0,128.75,1.0,125.7,1.0,128.95,2.0,125.5,1.0,130.0,6.0,125.4,1.0,,,125.0,6.0,,,124.5,1.0,,,124.0,2.0,,,123.0,3.0,,
327,Germany_Baseload#19#0#10000106,2021-10-18 07:55:00.590000,126.0,1.0,128.5,1.0,125.75,1.0,128.6,1.0,125.7,1.0,128.75,1.0,125.5,1.0,128.95,2.0,125.4,1.0,130.0,6.0,125.0,6.0,,,124.5,1.0,,,124.0,2.0,,,123.0,3.0,,,122.55,1.0,,
328,Germany_Baseload#19#0#10000106,2021-10-18 07:55:00.719000,126.0,1.0,128.5,1.0,125.75,1.0,128.6,1.0,125.7,1.0,128.73,1.0,125.5,1.0,128.95,2.0,125.4,1.0,130.0,6.0,125.0,6.0,,,124.5,1.0,,,124.0,2.0,,,123.0,3.0,,,122.55,1.0,,
329,Germany_Baseload#19#0#10000106,2021-10-18 07:55:12.752000,126.0,1.0,128.5,1.0,125.75,1.0,128.6,1.0,125.7,1.0,128.73,1.0,125.5,1.0,128.95,2.0,125.4,1.0,130.0,6.0,125.0,6.0,,,124.5,1.0,,,124.0,2.0,,,123.0,3.0,,,122.55,1.0,,
330,Germany_Baseload#19#0#10000106,2021-10-18 07:55:12.851000,126.0,1.0,128.5,1.0,125.75,1.0,128.6,1.0,125.7,2.0,128.73,1.0,125.5,1.0,128.95,2.0,125.4,1.0,130.0,6.0,125.0,6.0,,,124.5,1.0,,,124.0,2.0,,,123.0,3.0,,,122.55,1.0,,
331,Germany_Baseload#19#0#10000106,2021-10-18 07:55:14.792000,126.0,1.0,128.5,1.0,125.75,1.0,128.6,1.0,125.7,1.0,128.73,1.0,125.5,1.0,128.95,2.0,125.4,1.0,130.0,6.0,125.0,6.0,,,124.5,1.0,,,124.0,2.0,,,123.0,3.0,,,122.55,1.0,,
332,Germany_Baseload#19#0#10000106,2021-10-18 07:55:14.824000,126.0,1.0,128.5,1.0,125.75,1.0,128.6,1.0,125.7,1.0,128.73,1.0,125.5,1.0,128.95,2.0,125.4,1.0,130.0,6.0,125.0,6.0,,,124.5,1.0,,,124.0,2.0,,,123.0,3.0,,,122.55,1.0,,
333,Germany_Baseload#19#0#10000106,2021-10-18 07:55:14.908000,126.0,1.0,128.5,1.0,125.75,1.0,128.6,1.0,125.7,2.0,128.73,1.0,125.5,1.0,128.95,2.0,125.4,1.0,130.0,6.0,125.0,6.0,,,124.5,1.0,,,124.0,2.0,,,123.0,3.0,,,122.55,1.0,,
334,Germany_Baseload#19#0#10000106,2021-10-18 07:55:15.290000,126.0,1.0,128.5,1.0,125.75,1.0,128.6,1.0,125.7,2.0,128.73,1.0,125.6,1.0,128.95,2.0,125.5,1.0,130.0,6.0,125.0,6.0,,,124.5,1.0,,,124.0,2.0,,,123.0,3.0,,,122.55,1.0,,
335,Germany_Baseload#19#0#10000106,2021-10-18 07:55:22.206000,126.0,1.0,128.5,1.0,125.75,1.0,128.6,1.0,125.7,2.0,128.73,1.0,125.6,1.0,128.9,1.0,125.5,1.0,128.95,1.0,125.0,6.0,130.0,6.0,124.5,1.0,,,124.0,2.0,,,123.0,3.0,,,122.55,1.0,,
336,Germany_Baseload#19#0#10000106,2021-10-18 07:55:29.695000,126.0,1.0,128.5,1.0,125.75,1.0,128.6,1.0,125.7,2.0,128.9,1.0,125.6,1.0,128.95,1.0,125.5,1.0,130.0,6.0,125.0,6.0,,,124.5,1.0,,,124.0,2.0,,,123.0,3.0,,,122.55,1.0,,
337,Germany_Baseload#19#0#10000106,2021-10-18 07:55:29.847000,126.0,1.0,128.5,1.0,125.75,1.0,128.6,1.0,125.7,1.0,128.9,1.0,125.6,1.0,128.95,1.0,125.5,1.0,130.0,6.0,125.0,6.0,,,124.5,1.0,,,124.0,2.0,,,123.0,3.0,,,122.55,1.0,,
338,Germany_Baseload#19#0#10000106,2021-10-18 07:55:30.002000,126.0,1.0,128.5,1.0,125.75,1.0,128.6,1.0,125.7,1.0,128.84,2.0,125.6,1.0,128.9,1.0,125.5,1.0,128.95,1.0,125.0,6.0,130.0,6.0,124.5,1.0,,,124.0,2.0,,,123.0,3.0,,,122.55,1.0,,
339,Germany_Baseload#19#0#10000106,2021-10-18 07:55:34.258000,126.0,1.0,128.5,1.0,125.75,1.0,128.6,1.0,125.7,1.0,128.84,2.0,125.6,1.0,128.9,1.0,125.5,1.0,128.95,1.0,125.0,6.0,130.0,6.0,124.5,1.0,,,124.0,2.0,,,123.0,3.0,,,122.55,1.0,,
340,Germany_Baseload#19#0#10000106,2021-10-18 07:55:37.116000,126.0,1.0,128.5,1.0,125.75,1.0,128.6,1.0,125.6,1.0,128.84,2.0,125.5,1.0,128.9,1.0,125.0,6.0,128.95,1.0,124.5,1.0,130.0,6.0,124.0,2.0,,,123.0,3.0,,,122.55,1.0,,,121.5,1.0,,
341,Germany_Baseload#19#0#10000106,2021-10-18 07:55:37.210000,126.0,1.0,128.5,1.0,125.75,1.0,128.6,1.0,125.6,1.0,128.84,2.0,125.5,1.0,128.9,1.0,125.15,1.0,128.95,1.0,125.0,6.0,130.0,6.0,124.5,1.0,,,124.0,2.0,,,123.0,3.0,,,122.55,1.0,,
342,Germany_Baseload#19#0#10000106,2021-10-18 07:55:37.247000,126.0,1.0,128.5,1.0,125.75,1.0,128.6,1.0,125.5,1.0,128.84,2.0,125.15,1.0,128.9,1.0,125.0,6.0,128.95,1.0,124.9,1.0,130.0,6.0,124.5,1.0,,,124.0,2.0,,,123.0,3.0,,,122.55,1.0,,
343,Germany_Baseload#19#0#10000106,2021-10-18 07:55:45.466000,126.0,1.0,128.5,1.0,125.75,1.0,128.6,1.0,125.5,1.0,128.84,2.0,125.15,1.0,128.9,1.0,125.0,6.0,128.95,1.0,124.9,1.0,130.0,6.0,124.5,1.0,,,124.0,2.0,,,123.0,3.0,,,122.55,1.0,,
344,Germany_Baseload#19#0#10000106,2021-10-18 07:55:45.565000,126.0,1.0,128.5,1.0,125.75,1.0,128.6,1.0,125.5,2.0,128.84,2.0,125.0,6.0,128.9,1.0,124.9,1.0,128.95,1.0,124.5,1.0,130.0,6.0,124.0,2.0,,,123.0,3.0,,,122.55,1.0,,,121.5,1.0,,
345,Germany_Baseload#19#0#10000106,2021-10-18 07:55:51.583000,126.0,1.0,128.5,1.0,125.75,1.0,128.6,1.0,125.5,2.0,128.84,2.0,125.0,6.0,128.9,1.0,124.9,1.0,128.95,1.0,124.5,1.0,129.95,5.0,124.0,2.0,130.0,1.0,123.0,3.0,,,122.55,1.0,,,121.5,1.0,,
346,Germany_Baseload#19#0#10000106,2021-10-18 07:55:52.199000,126.0,1.0,128.5,1.0,125.75,1.0,128.6,1.0,125.5,2.0,128.84,2.0,125.0,6.0,128.9,1.0,124.9,1.0,128.95,1.0,124.5,1.0,129.9,5.0,124.0,2.0,130.0,1.0,123.0,3.0,,,122.55,1.0,,,121.5,1.0,,
347,Germany_Baseload#19#0#10000106,2021-10-18 07:55:53.943000,126.0,1.0,128.5,1.0,125.75,1.0,128.6,1.0,125.5,2.0,128.84,2.0,125.0,1.0,128.9,1.0,124.95,5.0,128.95,1.0,124.9,1.0,129.9,5.0,124.5,1.0,130.0,1.0,124.0,2.0,,,123.0,3.0,,,122.55,1.0,,
348,Germany_Baseload#19#0#10000106,2021-10-18 07:55:54.929000,126.0,1.0,128.5,1.0,125.75,1.0,128.6,1.0,125.5,2.0,128.84,2.0,125.0,1.0,128.9,1.0,124.9,5.0,128.95,1.0,124.5,1.0,129.9,5.0,124.0,2.0,130.0,1.0,123.0,3.0,,,122.55,1.0,,,121.5,1.0,,
349,Germany_Baseload#19#0#10000106,2021-10-18 07:56:00.634000,126.0,1.0,128.5,1.0,125.75,1.0,128.6,1.0,125.5,2.0,128.84,2.0,125.0,1.0,128.9,1.0,124.9,5.0,129.9,5.0,124.5,1.0,130.0,1.0,124.0,2.0,,,123.0,3.0,,,122.55,1.0,,,121.5,1.0,,
350,Germany_Baseload#19#0#10000106,2021-10-18 07:56:04.382000,126.0,1.0,128.5,1.0,125.75,1.0,128.6,1.0,125.5,1.0,128.84,2.0,125.4,1.0,128.9,1.0,125.0,1.0,129.9,5.0,124.9,5.0,130.0,1.0,124.5,1.0,,,124.0,2.0,,,123.0,3.0,,,122.55,1.0,,
351,Germany_Baseload#19#0#10000106,2021-10-18 07:56:04.524000,126.0,1.0,128.5,1.0,125.75,1.0,128.6,1.0,125.5,2.0,128.84,2.0,125.4,1.0,128.9,1.0,125.0,1.0,129.9,5.0,124.9,5.0,130.0,1.0,124.5,1.0,,,124.0,2.0,,,123.0,3.0,,,122.55,1.0,,
352,Germany_Baseload#19#0#10000106,2021-10-18 07:56:07.158000,126.0,1.0,128.5,1.0,125.75,1.0,128.6,1.0,125.5,1.0,128.8,1.0,125.4,1.0,128.84,2.0,125.0,1.0,129.9,5.0,124.9,5.0,130.0,1.0,124.5,1.0,,,124.0,2.0,,,123.0,3.0,,,122.55,1.0,,
353,Germany_Baseload#19#0#10000106,2021-10-18 07:56:15.875000,126.0,1.0,128.5,1.0,125.75,1.0,128.6,1.0,125.5,1.0,128.8,1.0,125.4,1.0,128.84,2.0,125.0,1.0,129.9,5.0,124.9,5.0,130.0,1.0,124.5,1.0,,,124.0,2.0,,,123.0,3.0,,,122.55,1.0,,
354,Germany_Baseload#19#0#10000106,2021-10-18 07:56:19.289000,126.0,1.0,128.5,1.0,125.75,1.0,128.6,1.0,125.5,2.0,128.8,1.0,125.4,1.0,128.84,2.0,125.0,1.0,129.9,5.0,124.9,5.0,130.0,1.0,124.5,1.0,,,124.0,2.0,,,123.0,3.0,,,122.55,1.0,,
355,Germany_Baseload#19#0#10000106,2021-10-18 07:56:30.909000,126.0,1.0,128.5,1.0,125.75,1.0,128.6,1.0,125.5,1.0,128.8,1.0,125.4,1.0,128.84,2.0,125.0,1.0,129.9,5.0,124.9,5.0,130.0,1.0,124.5,1.0,,,124.0,2.0,,,123.0,3.0,,,122.55,1.0,,
356,Germany_Baseload#19#0#10000106,2021-10-18 07:56:39.574000,126.0,1.0,128.5,1.0,125.75,1.0,128.6,1.0,125.5,1.0,128.65,2.0,125.4,1.0,128.8,1.0,125.0,1.0,129.9,5.0,124.9,5.0,130.0,1.0,124.5,1.0,,,124.0,2.0,,,123.0,3.0,,,122.55,1.0,,
357,Germany_Baseload#19#0#10000106,2021-10-18 07:56:47.795000,126.0,1.0,128.5,1.0,125.75,1.0,128.6,1.0,125.6,1.0,128.65,2.0,125.5,1.0,128.8,1.0,125.4,1.0,129.9,5.0,125.0,1.0,130.0,1.0,124.9,5.0,,,124.5,1.0,,,124.0,2.0,,,123.0,3.0,,
358,Germany_Baseload#19#0#10000106,2021-10-18 07:56:47.796000,126.0,1.0,128.5,1.0,125.75,1.0,128.6,1.0,125.6,1.0,128.65,2.0,125.5,1.0,128.8,1.0,125.4,1.0,129.9,5.0,125.0,1.0,130.0,1.0,124.9,5.0,,,124.5,1.0,,,124.0,2.0,,,123.0,3.0,,
359,Germany_Baseload#19#0#10000106,2021-10-18 07:58:31.028000,126.0,1.0,128.5,1.0,125.75,1.0,128.6,1.0,125.6,1.0,128.65,2.0,125.5,1.0,129.9,5.0,125.4,1.0,130.0,1.0,125.0,1.0,,,124.9,5.0,,,124.5,1.0,,,124.0,2.0,,,123.0,3.0,,
360,Germany_Baseload#19#0#10000106,2021-10-18 07:58:37.562000,126.0,1.0,128.5,1.0,125.75,1.0,128.6,1.0,125.6,1.0,129.9,5.0,125.5,1.0,130.0,1.0,125.4,1.0,,,125.0,1.0,,,124.9,5.0,,,124.5,1.0,,,124.0,2.0,,,123.0,3.0,,
361,Germany_Baseload#19#0#10000106,2021-10-18 07:58:37.563000,126.0,1.0,128.5,1.0,125.75,1.0,128.6,1.0,125.6,1.0,129.75,5.0,125.5,1.0,129.9,5.0,125.4,1.0,130.0,1.0,125.0,1.0,,,124.9,5.0,,,124.5,1.0,,,124.0,2.0,,,123.0,3.0,,
362,Germany_Baseload#19#0#10000106,2021-10-18 07:58:37.656000,126.0,1.0,128.5,1.0,125.75,1.0,128.6,1.0,125.6,1.0,129.25,1.0,125.5,1.0,129.75,5.0,125.4,1.0,129.9,5.0,125.0,1.0,130.0,1.0,124.9,5.0,,,124.5,1.0,,,124.0,2.0,,,123.0,3.0,,
363,Germany_Baseload#19#0#10000106,2021-10-18 07:58:37.657000,126.0,1.0,128.5,1.0,125.75,1.0,128.6,1.0,125.6,1.0,129.25,1.0,125.5,1.0,129.9,5.0,125.4,1.0,130.0,1.0,125.0,1.0,,,124.9,5.0,,,124.5,1.0,,,124.0,2.0,,,123.0,3.0,,
364,Germany_Baseload#19#0#10000106,2021-10-18 07:58:37.658000,126.0,1.0,128.5,1.0,125.75,1.0,128.6,1.0,125.6,1.0,129.25,1.0,125.5,1.0,129.45,1.0,125.4,1.0,129.9,5.0,125.0,1.0,130.0,1.0,124.9,5.0,,,124.5,1.0,,,124.0,2.0,,,123.0,3.0,,
365,Germany_Baseload#19#0#10000106,2021-10-18 07:58:37.766000,126.0,1.0,128.5,1.0,125.75,1.0,128.6,1.0,125.6,1.0,129.25,2.0,125.5,1.0,129.9,5.0,125.4,1.0,130.0,1.0,125.0,1.0,,,124.9,5.0,,,124.5,1.0,,,124.0,2.0,,,123.0,3.0,,
366,Germany_Baseload#19#0#10000106,2021-10-18 07:58:41.049000,126.5,1.0,128.5,1.0,126.0,1.0,128.6,1.0,125.75,1.0,129.25,2.0,125.6,1.0,129.9,5.0,125.5,1.0,130.0,1.0,125.4,1.0,,,125.0,1.0,,,124.9,5.0,,,124.5,1.0,,,124.0,2.0,,
367,Germany_Baseload#19#0#10000106,2021-10-18 07:58:44.232000,126.5,1.0,128.5,1.0,126.0,1.0,128.6,1.0,125.75,1.0,129.25,2.0,125.6,5.0,129.9,5.0,125.5,1.0,130.0,1.0,125.4,1.0,,,125.0,1.0,,,124.9,5.0,,,124.5,1.0,,,124.0,2.0,,
368,Germany_Baseload#19#0#10000106,2021-10-18 07:58:46.238000,126.5,1.0,128.5,1.0,126.0,1.0,128.6,1.0,125.75,1.0,129.25,2.0,125.6,5.0,129.9,5.0,125.5,1.0,130.0,1.0,125.4,1.0,,,125.0,1.0,,,124.5,1.0,,,124.0,2.0,,,123.0,3.0,,
369,Germany_Baseload#19#0#10000106,2021-10-18 07:58:50.988000,126.5,1.0,128.5,1.0,126.0,1.0,128.6,1.0,125.75,1.0,129.25,2.0,125.65,5.0,129.9,5.0,125.6,5.0,130.0,1.0,125.5,1.0,,,125.4,1.0,,,125.0,1.0,,,124.5,1.0,,,124.0,2.0,,
370,Germany_Baseload#19#0#10000106,2021-10-18 07:58:50.989000,126.5,1.0,128.5,1.0,126.0,1.0,128.6,1.0,125.75,1.0,129.25,2.0,125.65,5.0,129.9,5.0,125.5,1.0,130.0,1.0,125.4,1.0,,,125.0,1.0,,,124.5,1.0,,,124.0,2.0,,,123.0,3.0,,
371,Germany_Baseload#19#0#10000106,2021-10-18 07:58:51.774000,126.5,1.0,128.5,1.0,126.0,1.0,128.6,1.0,125.75,1.0,129.25,2.0,125.7,5.0,129.9,5.0,125.5,1.0,130.0,1.0,125.4,1.0,,,125.0,1.0,,,124.5,1.0,,,124.0,2.0,,,123.0,3.0,,
372,Germany_Baseload#19#0#10000106,2021-10-18 07:58:52.551000,126.5,1.0,128.5,1.0,126.0,1.0,128.6,1.0,125.75,5.0,129.25,2.0,125.5,1.0,129.9,5.0,125.4,1.0,130.0,1.0,125.0,1.0,,,124.5,1.0,,,124.0,2.0,,,123.0,3.0,,,122.55,1.0,,
373,Germany_Baseload#19#0#10000106,2021-10-18 07:58:53.011000,126.5,1.0,128.5,1.0,126.0,1.0,128.6,1.0,125.8,5.0,129.25,2.0,125.75,1.0,129.9,5.0,125.5,1.0,130.0,1.0,125.4,1.0,,,125.0,1.0,,,124.5,1.0,,,124.0,2.0,,,123.0,3.0,,
374,Germany_Baseload#19#0#10000106,2021-10-18 07:59:03.091000,126.5,1.0,128.5,1.0,126.4,1.0,128.6,1.0,126.0,1.0,129.25,2.0,125.8,5.0,129.9,5.0,125.75,1.0,130.0,1.0,125.5,1.0,,,125.0,1.0,,,124.5,1.0,,,124.0,2.0,,,123.0,3.0,,
375,Germany_Baseload#19#0#10000106,2021-10-18 07:59:08.934000,126.5,1.0,128.5,1.0,126.4,1.0,128.6,1.0,126.0,1.0,129.1,1.0,125.8,5.0,129.25,2.0,125.75,1.0,129.9,5.0,125.5,1.0,130.0,1.0,125.0,1.0,,,124.5,1.0,,,124.0,2.0,,,123.0,3.0,,
376,Germany_Baseload#19#0#10000106,2021-10-18 07:59:09.032000,126.5,1.0,128.5,1.0,126.4,1.0,128.6,1.0,126.0,1.0,129.1,2.0,125.8,5.0,129.25,1.0,125.75,1.0,129.9,5.0,125.5,1.0,130.0,1.0,125.0,1.0,,,124.5,1.0,,,124.0,2.0,,,123.0,3.0,,
377,Germany_Baseload#19#0#10000106,2021-10-18 07:59:26.196000,126.5,1.0,128.4,1.0,126.4,1.0,128.5,1.0,126.0,1.0,128.6,1.0,125.8,5.0,129.1,2.0,125.75,1.0,129.25,1.0,125.5,1.0,129.9,5.0,125.0,1.0,130.0,1.0,124.5,1.0,,,124.0,2.0,,,123.0,3.0,,
378,Germany_Baseload#19#0#10000106,2021-10-18 07:59:29.196000,126.5,1.0,128.4,1.0,126.4,1.0,128.5,1.0,126.0,1.0,128.6,1.0,125.8,5.0,129.1,3.0,125.75,1.0,129.25,1.0,125.5,1.0,129.9,5.0,125.0,1.0,130.0,1.0,124.5,1.0,,,124.0,2.0,,,123.0,3.0,,
379,Germany_Baseload#19#0#10000106,2021-10-18 07:59:47.479000,128.0,1.0,128.4,1.0,126.5,1.0,128.5,1.0,126.4,1.0,128.6,1.0,126.0,1.0,129.1,3.0,125.8,5.0,129.25,1.0,125.75,1.0,129.9,5.0,125.5,1.0,130.0,1.0,125.0,1.0,,,124.5,1.0,,,124.0,2.0,,
380,Germany_Baseload#19#0#10000106,2021-10-18 07:59:51.732000,128.0,1.0,128.5,1.0,126.5,1.0,128.6,1.0,126.4,1.0,129.1,3.0,126.0,1.0,129.25,1.0,125.8,5.0,129.9,5.0,125.75,1.0,130.0,1.0,125.5,1.0,,,125.0,1.0,,,124.5,1.0,,,124.0,2.0,,
381,Germany_Baseload#19#0#10000106,2021-10-18 07:59:51.935000,128.5,1.0,128.5,1.0,128.0,1.0,128.6,1.0,126.5,1.0,129.1,3.0,126.4,1.0,129.25,1.0,126.0,1.0,129.9,5.0,125.8,5.0,130.0,1.0,125.75,1.0,,,125.5,1.0,,,125.0,1.0,,,124.5,1.0,,
382,Germany_Baseload#19#0#10000106,2021-10-18 07:59:55.998000,128.5,1.0,128.5,1.0,128.0,1.0,128.6,1.0,126.5,1.0,129.1,3.0,126.4,1.0,129.25,1.0,126.0,1.0,129.9,5.0,125.8,5.0,130.0,1.0,125.75,1.0,,,125.5,1.0,,,125.0,1.0,,,124.5,1.0,,
383,Germany_Baseload#19#0#10000106,2021-10-18 07:59:56.124000,128.5,1.0,128.5,1.0,128.0,1.0,129.1,3.0,126.5,1.0,129.2,3.0,126.4,1.0,129.25,1.0,126.0,1.0,129.9,5.0,125.8,5.0,130.0,1.0,125.75,1.0,,,125.5,1.0,,,125.0,1.0,,,124.5,1.0,,
384,Germany_Baseload#19#0#10000106,2021-10-18 07:59:56.151000,128.5,1.0,129.1,3.0,128.0,1.0,129.2,3.0,126.5,1.0,129.25,1.0,126.4,1.0,129.9,5.0,126.0,1.0,130.0,1.0,125.8,5.0,,,125.75,1.0,,,125.5,1.0,,,125.0,1.0,,,124.5,1.0,,
385,Germany_Baseload#19#0#10000106,2021-10-18 07:59:56.350000,128.5,2.0,129.1,3.0,128.0,1.0,129.2,3.0,126.5,1.0,129.25,1.0,126.4,1.0,129.9,5.0,126.0,1.0,130.0,1.0,125.8,5.0,,,125.75,1.0,,,125.5,1.0,,,125.0,1.0,,,124.5,1.0,,
386,Germany_Baseload#19#0#10000106,2021-10-18 07:59:57.222000,128.5,1.0,129.1,3.0,128.0,1.0,129.2,3.0,127.0,1.0,129.25,1.0,126.5,1.0,129.9,5.0,126.4,1.0,130.0,1.0,126.0,1.0,,,125.8,5.0,,,125.75,1.0,,,125.5,1.0,,,125.0,1.0,,
387,Germany_Baseload#19#0#10000106,2021-10-18 07:59:57.000000,128.5,1.0,129.1,3.0,128.0,1.0,129.2,3.0,126.5,1.0,129.25,1.0,126.4,1.0,129.9,5.0,126.0,1.0,130.0,1.0,125.8,5.0,,,125.75,1.0,,,125.5,1.0,,,125.0,1.0,,,124.5,1.0,,
388,Germany_Baseload#19#0#10000106,2021-10-18 07:59:59.047000,128.5,1.0,129.1,2.0,128.0,1.0,129.2,3.0,127.0,1.0,129.25,1.0,126.5,1.0,129.9,5.0,126.4,1.0,130.0,1.0,126.0,1.0,,,125.8,5.0,,,125.75,1.0,,,125.5,1.0,,,125.0,1.0,,
389,Germany_Baseload#19#0#10000106,2021-10-18 07:59:59.147000,128.5,1.0,129.2,5.0,128.0,1.0,129.25,1.0,127.0,1.0,129.9,5.0,126.5,1.0,130.0,1.0,126.4,1.0,,,126.0,1.0,,,125.8,5.0,,,125.75,1.0,,,125.5,1.0,,,125.0,1.0,,
390,Germany_Baseload#19#0#10000106,2021-10-18 07:59:59.172000,128.5,1.0,129.2,4.0,128.0,1.0,129.25,1.0,127.0,1.0,129.9,5.0,126.5,1.0,130.0,1.0,126.4,1.0,,,126.0,1.0,,,125.8,5.0,,,125.75,1.0,,,125.5,1.0,,,125.0,1.0,,
391,Germany_Baseload#19#0#10000106,2021-10-18 07:59:59.436000,128.5,1.0,129.2,2.0,128.0,1.0,129.25,1.0,127.0,1.0,129.3,2.0,126.5,1.0,129.9,5.0,126.4,1.0,130.0,1.0,126.0,1.0,,,125.8,5.0,,,125.75,1.0,,,125.5,1.0,,,125.0,1.0,,
392,Germany_Baseload#19#0#10000106,2021-10-18 08:00:00.197000,128.5,1.0,129.25,3.0,128.0,1.0,129.3,2.0,127.0,1.0,129.9,5.0,126.5,1.0,130.0,1.0,126.4,1.0,,,126.0,1.0,,,125.8,5.0,,,125.75,1.0,,,125.5,1.0,,,125.0,1.0,,
393,Germany_Baseload#19#0#10000106,2021-10-18 08:00:00.286000,128.5,1.0,129.25,3.0,128.0,1.0,129.35,2.0,127.0,1.0,129.9,5.0,126.5,1.0,130.0,1.0,126.4,1.0,,,126.0,1.0,,,125.8,5.0,,,125.75,1.0,,,125.5,1.0,,,125.0,1.0,,
394,Germany_Baseload#19#0#10000106,2021-10-18 08:00:01.760000,128.5,1.0,129.25,3.0,127.0,1.0,129.35,2.0,126.5,1.0,129.9,5.0,126.4,1.0,130.0,1.0,126.0,1.0,,,125.8,5.0,,,125.75,1.0,,,125.5,1.0,,,125.0,1.0,,,124.5,1.0,,
395,Germany_Baseload#19#0#10000106,2021-10-18 08:00:02.390000,127.0,1.0,129.25,3.0,126.5,1.0,129.35,2.0,126.4,1.0,129.9,5.0,126.0,1.0,130.0,1.0,125.8,5.0,,,125.75,1.0,,,125.5,1.0,,,125.0,1.0,,,124.5,1.0,,,124.0,2.0,,
396,Germany_Baseload#19#0#10000106,2021-10-18 08:00:02.573000,127.0,1.0,129.25,3.0,126.9,1.0,129.35,2.0,126.5,1.0,129.9,5.0,126.0,1.0,130.0,1.0,125.8,5.0,,,125.75,1.0,,,125.5,1.0,,,125.0,1.0,,,124.5,1.0,,,124.0,2.0,,
397,Germany_Baseload#19#0#10000106,2021-10-18 08:00:03.873000,126.9,1.0,129.25,3.0,126.5,1.0,129.35,2.0,126.0,1.0,129.9,5.0,125.8,5.0,130.0,1.0,125.75,1.0,,,125.5,1.0,,,125.0,1.0,,,124.5,1.0,,,124.0,2.0,,,123.0,3.0,,
398,Germany_Baseload#19#0#10000106,2021-10-18 08:00:04.482000,126.5,1.0,129.25,3.0,126.4,1.0,129.35,2.0,126.0,1.0,129.9,5.0,125.8,5.0,130.0,1.0,125.75,1.0,,,125.5,1.0,,,125.0,1.0,,,124.5,1.0,,,124.0,2.0,,,123.0,3.0,,
399,Germany_Baseload#19#0#10000106,2021-10-18 08:00:53.460000,126.6,1.0,129.25,3.0,126.5,1.0,129.35,2.0,126.4,1.0,129.9,5.0,126.0,1.0,130.0,1.0,125.8,5.0,,,125.75,1.0,,,125.5,1.0,,,125.0,1.0,,,124.5,1.0,,,124.0,2.0,,
400,Germany_Baseload#19#0#10000106,2021-10-18 08:00:53.461000,126.6,1.0,129.25,3.0,126.5,1.0,129.35,2.0,126.4,1.0,129.9,5.0,126.0,1.0,130.0,1.0,125.8,5.0,,,125.75,1.0,,,125.5,1.0,,,125.0,1.0,,,124.5,1.0,,,124.0,2.0,,
401,Germany_Baseload#19#0#10000106,2021-10-18 08:01:11.091000,126.6,1.0,129.25,3.0,126.5,1.0,129.35,2.0,126.0,1.0,129.9,5.0,125.8,5.0,130.0,1.0,125.75,1.0,,,125.5,1.0,,,125.0,1.0,,,124.5,1.0,,,124.0,2.0,,,123.0,3.0,,
402,Germany_Baseload#19#0#10000106,2021-10-18 08:01:34.080000,126.6,1.0,129.25,3.0,126.5,1.0,129.9,5.0,126.0,1.0,130.0,1.0,125.8,5.0,,,125.75,1.0,,,125.5,1.0,,,125.0,1.0,,,124.5,1.0,,,124.0,2.0,,,123.0,3.0,,
403,Germany_Baseload#19#0#10000106,2021-10-18 08:02:19.235000,126.6,1.0,129.0,1.0,126.5,1.0,129.25,3.0,126.0,1.0,129.9,5.0,125.8,5.0,130.0,1.0,125.75,1.0,,,125.5,1.0,,,125.0,1.0,,,124.5,1.0,,,124.0,2.0,,,123.0,3.0,,
404,Germany_Baseload#19#0#10000106,2021-10-18 08:02:19.331000,126.6,1.0,129.0,3.0,126.5,1.0,129.25,1.0,126.0,1.0,129.9,5.0,125.8,5.0,130.0,1.0,125.75,1.0,,,125.5,1.0,,,125.0,1.0,,,124.5,1.0,,,124.0,2.0,,,123.0,3.0,,
405,Germany_Baseload#19#0#10000106,2021-10-18 08:02:33.926000,126.6,1.0,128.9,1.0,126.5,1.0,129.0,3.0,126.0,1.0,129.25,1.0,125.8,5.0,129.9,5.0,125.75,1.0,130.0,1.0,125.5,1.0,,,125.0,1.0,,,124.5,1.0,,,124.0,2.0,,,123.0,3.0,,
406,Germany_Baseload#19#0#10000106,2021-10-18 08:02:34.114000,126.6,1.0,128.9,3.0,126.5,1.0,129.0,1.0,126.0,1.0,129.25,1.0,125.8,5.0,129.9,5.0,125.75,1.0,130.0,1.0,125.5,1.0,,,125.0,1.0,,,124.5,1.0,,,124.0,2.0,,,123.0,3.0,,
407,Germany_Baseload#19#0#10000106,2021-10-18 08:02:53.829000,126.6,1.0,128.75,1.0,126.5,1.0,128.9,3.0,126.0,1.0,129.0,1.0,125.8,5.0,129.9,5.0,125.75,1.0,130.0,1.0,125.5,1.0,,,125.0,1.0,,,124.5,1.0,,,124.0,2.0,,,123.0,3.0,,
408,Germany_Baseload#19#0#10000106,2021-10-18 08:02:53.922000,126.6,1.0,128.75,3.0,126.5,1.0,128.9,1.0,126.0,1.0,129.0,1.0,125.8,5.0,129.9,5.0,125.75,1.0,130.0,1.0,125.5,1.0,,,125.0,1.0,,,124.5,1.0,,,124.0,2.0,,,123.0,3.0,,
409,Germany_Baseload#19#0#10000106,2021-10-18 08:03:09.224000,126.6,1.0,128.75,3.0,126.5,1.0,128.85,1.0,126.0,1.0,128.9,1.0,125.8,5.0,129.0,1.0,125.75,1.0,129.9,5.0,125.5,1.0,130.0,1.0,125.0,1.0,,,124.5,1.0,,,124.0,2.0,,,123.0,3.0,,
410,Germany_Baseload#19#0#10000106,2021-10-18 08:03:11.514000,126.6,1.0,128.75,3.0,126.5,1.0,128.85,1.0,126.0,1.0,128.9,1.0,125.8,5.0,129.0,1.0,125.75,1.0,129.9,5.0,125.5,1.0,130.0,1.0,125.0,1.0,,,124.5,1.0,,,124.0,2.0,,,123.0,3.0,,
411,Germany_Baseload#19#0#10000106,2021-10-18 08:03:11.515000,126.6,1.0,128.75,3.0,126.5,1.0,128.85,1.0,126.0,1.0,128.9,1.0,125.8,5.0,129.0,1.0,125.75,1.0,129.9,5.0,125.5,1.0,130.0,1.0,125.0,1.0,,,124.5,1.0,,,124.0,2.0,,,123.0,3.0,,
412,Germany_Baseload#19#0#10000106,2021-10-18 08:03:11.550000,126.75,1.0,128.75,3.0,126.6,1.0,128.85,1.0,126.5,1.0,128.9,1.0,126.0,1.0,129.0,1.0,125.8,5.0,129.9,5.0,125.75,1.0,130.0,1.0,125.5,1.0,,,125.0,1.0,,,124.5,1.0,,,124.0,2.0,,
413,Germany_Baseload#19#0#10000106,2021-10-18 08:03:11.679000,126.75,1.0,128.75,3.0,126.6,1.0,128.85,1.0,126.5,1.0,128.9,1.0,126.0,1.0,129.0,1.0,125.8,5.0,129.9,5.0,125.75,1.0,130.0,1.0,125.5,1.0,,,125.05,1.0,,,125.0,1.0,,,124.5,1.0,,
414,Germany_Baseload#19#0#10000106,2021-10-18 08:03:11.680000,126.75,1.0,128.75,3.0,126.6,1.0,128.85,1.0,126.5,1.0,128.9,1.0,126.0,1.0,129.0,1.0,125.8,5.0,129.9,5.0,125.75,1.0,130.0,1.0,125.5,1.0,,,125.05,1.0,,,124.5,1.0,,,124.0,2.0,,
415,Germany_Baseload#19#0#10000106,2021-10-18 08:03:16.675000,126.75,1.0,128.75,3.0,126.6,1.0,128.85,1.0,126.5,1.0,128.9,1.0,126.0,1.0,129.0,1.0,125.8,5.0,129.9,5.0,125.75,1.0,130.0,1.0,125.5,1.0,,,125.05,1.0,,,124.5,1.0,,,124.0,2.0,,
416,Germany_Baseload#19#0#10000106,2021-10-18 08:03:26.160000,126.75,1.0,128.75,3.0,126.65,1.0,128.85,1.0,126.6,1.0,128.9,1.0,126.0,1.0,129.0,1.0,125.8,5.0,129.9,5.0,125.75,1.0,130.0,1.0,125.5,1.0,,,125.05,1.0,,,124.5,1.0,,,124.0,2.0,,
417,Germany_Baseload#19#0#10000106,2021-10-18 08:03:29.228000,126.75,1.0,128.75,1.0,126.65,1.0,128.85,1.0,126.6,1.0,128.9,1.0,126.0,1.0,129.0,1.0,125.8,5.0,129.9,5.0,125.75,1.0,130.0,1.0,125.5,1.0,,,125.05,1.0,,,124.5,1.0,,,124.0,2.0,,
418,Germany_Baseload#19#0#10000106,2021-10-18 08:03:29.329000,126.75,1.0,128.75,2.0,126.65,1.0,128.85,1.0,126.6,1.0,128.9,1.0,126.0,1.0,129.0,1.0,125.8,5.0,129.9,5.0,125.75,1.0,130.0,1.0,125.5,1.0,,,125.05,1.0,,,124.5,1.0,,,124.0,2.0,,
419,Germany_Baseload#19#0#10000106,2021-10-18 08:03:57.801000,126.75,1.0,128.5,1.0,126.65,1.0,128.75,2.0,126.6,1.0,128.85,1.0,126.0,1.0,128.9,1.0,125.8,5.0,129.0,1.0,125.75,1.0,129.9,5.0,125.5,1.0,130.0,1.0,125.05,1.0,,,124.5,1.0,,,124.0,2.0,,
420,Germany_Baseload#19#0#10000106,2021-10-18 08:03:58.872000,126.75,1.0,128.5,1.0,126.65,1.0,128.75,1.0,126.6,1.0,128.85,1.0,126.0,1.0,128.9,1.0,125.8,5.0,129.0,1.0,125.75,1.0,129.9,5.0,125.5,1.0,130.0,1.0,125.05,1.0,,,124.5,1.0,,,124.0,2.0,,
421,Germany_Baseload#19#0#10000106,2021-10-18 08:03:58.990000,126.75,1.0,128.5,1.0,126.65,1.0,128.75,1.0,126.6,1.0,128.85,1.0,126.0,1.0,128.9,1.0,125.8,5.0,129.0,1.0,125.75,1.0,129.9,5.0,125.5,1.0,130.0,1.0,125.05,1.0,,,124.5,1.0,,,124.0,2.0,,
422,Germany_Baseload#19#0#10000106,2021-10-18 08:04:06.489000,126.75,1.0,128.5,1.0,126.65,1.0,128.75,1.0,126.6,1.0,128.8,1.0,126.0,1.0,128.85,1.0,125.8,5.0,129.0,1.0,125.75,1.0,129.9,5.0,125.5,1.0,130.0,1.0,125.05,1.0,,,124.5,1.0,,,124.0,2.0,,
423,Germany_Baseload#19#0#10000106,2021-10-18 08:04:11.875000,126.75,1.0,128.5,1.0,126.65,1.0,128.75,1.0,126.6,1.0,128.8,1.0,126.0,1.0,128.85,1.0,125.8,5.0,129.9,5.0,125.75,1.0,130.0,1.0,125.5,1.0,,,125.05,1.0,,,124.5,1.0,,,124.0,2.0,,
424,Germany_Baseload#19#0#10000106,2021-10-18 08:04:12.615000,126.9,1.0,128.5,1.0,126.75,1.0,128.75,1.0,126.65,1.0,128.8,1.0,126.6,1.0,128.85,1.0,126.0,1.0,129.9,5.0,125.8,5.0,130.0,1.0,125.75,1.0,,,125.5,1.0,,,125.05,1.0,,,124.5,1.0,,
425,Germany_Baseload#19#0#10000106,2021-10-18 08:04:13.387000,126.9,1.0,128.5,1.0,126.75,1.0,128.75,1.0,126.65,1.0,128.8,1.0,126.6,1.0,128.85,1.0,126.0,1.0,129.9,5.0,125.8,5.0,130.0,1.0,125.75,1.0,,,125.5,1.0,,,124.5,1.0,,,124.0,2.0,,
426,Germany_Baseload#19#0#10000106,2021-10-18 08:04:21.062000,126.9,1.0,128.5,2.0,126.75,1.0,128.8,1.0,126.65,1.0,128.85,1.0,126.6,1.0,129.9,5.0,126.0,1.0,130.0,1.0,125.8,5.0,,,125.75,1.0,,,125.5,1.0,,,124.5,1.0,,,124.0,2.0,,
427,Germany_Baseload#19#0#10000106,2021-10-18 08:04:21.139000,126.9,1.0,128.5,2.0,126.75,1.0,128.8,1.0,126.65,1.0,128.85,1.0,126.6,1.0,129.5,1.0,126.0,1.0,129.9,5.0,125.8,5.0,130.0,1.0,125.75,1.0,,,125.5,1.0,,,124.5,1.0,,,124.0,2.0,,
428,Germany_Baseload#19#0#10000106,2021-10-18 08:04:23.494000,126.91,1.0,128.5,2.0,126.75,1.0,128.8,1.0,126.65,1.0,128.85,1.0,126.6,1.0,129.5,1.0,126.0,1.0,129.9,5.0,125.8,5.0,130.0,1.0,125.75,1.0,,,125.5,1.0,,,124.5,1.0,,,124.0,2.0,,
429,Germany_Baseload#19#0#10000106,2021-10-18 08:04:24.502000,126.91,1.0,128.5,2.0,126.75,1.0,128.8,1.0,126.65,1.0,128.85,1.0,126.6,1.0,129.5,1.0,126.0,1.0,129.9,5.0,125.8,5.0,130.0,1.0,125.75,1.0,,,125.5,1.0,,,124.5,1.0,,,124.0,2.0,,
430,Germany_Baseload#19#0#10000106,2021-10-18 08:04:24.598000,126.91,1.0,128.5,2.0,126.75,1.0,128.6,2.0,126.65,1.0,128.8,1.0,126.6,1.0,129.5,1.0,126.0,1.0,129.9,5.0,125.8,5.0,130.0,1.0,125.75,1.0,,,125.5,1.0,,,124.5,1.0,,,124.0,2.0,,
431,Germany_Baseload#19#0#10000106,2021-10-18 08:04:27.830000,126.92,1.0,128.5,2.0,126.75,1.0,128.6,2.0,126.65,1.0,128.8,1.0,126.6,1.0,129.5,1.0,126.0,1.0,129.9,5.0,125.8,5.0,130.0,1.0,125.75,1.0,,,125.5,1.0,,,124.5,1.0,,,124.0,2.0,,
432,Germany_Baseload#19#0#10000106,2021-10-18 08:04:31.405000,126.93,1.0,128.5,2.0,126.75,1.0,128.6,2.0,126.65,1.0,128.8,1.0,126.6,1.0,129.5,1.0,126.0,1.0,129.9,5.0,125.8,5.0,130.0,1.0,125.75,1.0,,,125.5,1.0,,,124.5,1.0,,,124.0,2.0,,
433,Germany_Baseload#19#0#10000106,2021-10-18 08:04:34.546000,126.94,1.0,128.5,2.0,126.75,1.0,128.6,2.0,126.65,1.0,128.8,1.0,126.6,1.0,129.5,1.0,126.0,1.0,129.9,5.0,125.8,5.0,130.0,1.0,125.75,1.0,,,125.5,1.0,,,124.5,1.0,,,124.0,2.0,,
434,Germany_Baseload#19#0#10000106,2021-10-18 08:04:37.108000,126.95,1.0,128.5,2.0,126.75,1.0,128.6,2.0,126.65,1.0,128.8,1.0,126.6,1.0,129.5,1.0,126.0,1.0,129.9,5.0,125.8,5.0,130.0,1.0,125.75,1.0,,,125.5,1.0,,,124.5,1.0,,,124.0,2.0,,
435,Germany_Baseload#19#0#10000106,2021-10-18 08:04:43.818000,126.95,1.0,128.5,1.0,126.75,1.0,128.6,2.0,126.65,1.0,128.8,1.0,126.6,1.0,129.5,6.0,126.0,1.0,129.9,5.0,125.8,5.0,130.0,1.0,125.75,1.0,,,125.5,1.0,,,124.5,1.0,,,124.0,2.0,,
436,Germany_Baseload#19#0#10000106,2021-10-18 08:04:43.822000,126.95,1.0,128.5,1.0,126.75,1.0,128.6,2.0,126.65,1.0,128.8,1.0,126.6,1.0,129.25,5.0,126.0,1.0,129.5,6.0,125.8,5.0,129.9,5.0,125.75,1.0,130.0,1.0,125.5,1.0,,,124.5,1.0,,,124.0,2.0,,
437,Germany_Baseload#19#0#10000106,2021-10-18 08:04:43.919000,126.95,1.0,128.5,1.0,126.75,1.0,128.6,1.0,126.65,1.0,128.8,1.0,126.6,1.0,129.25,5.0,126.0,1.0,129.5,1.0,125.8,5.0,129.9,5.0,125.75,1.0,130.0,1.0,125.5,1.0,,,124.5,1.0,,,124.0,2.0,,
438,Germany_Baseload#19#0#10000106,2021-10-18 08:04:43.919000,126.95,1.0,128.5,1.0,126.75,1.0,128.6,1.0,126.65,1.0,128.8,1.0,126.6,1.0,129.25,5.0,126.0,1.0,129.5,6.0,125.8,5.0,129.9,5.0,125.75,1.0,130.0,1.0,125.5,1.0,,,124.5,1.0,,,124.0,2.0,,
439,Germany_Baseload#19#0#10000106,2021-10-18 08:04:43.920000,126.95,1.0,128.5,1.0,126.75,1.0,128.6,1.0,126.65,1.0,128.8,1.0,126.6,1.0,129.5,1.0,126.0,1.0,129.9,5.0,125.8,5.0,130.0,1.0,125.75,1.0,,,125.5,1.0,,,124.5,1.0,,,124.0,2.0,,
440,Germany_Baseload#19#0#10000106,2021-10-18 08:04:48.053000,126.95,1.0,128.5,1.0,126.85,1.0,128.6,1.0,126.75,1.0,128.8,1.0,126.6,1.0,129.5,1.0,126.0,1.0,129.9,5.0,125.8,5.0,130.0,1.0,125.75,1.0,,,125.5,1.0,,,124.5,1.0,,,124.0,2.0,,
441,Germany_Baseload#19#0#10000106,2021-10-18 08:04:49.548000,126.85,2.0,128.5,1.0,126.75,1.0,128.6,1.0,126.6,1.0,128.8,1.0,126.0,1.0,129.5,1.0,125.8,5.0,129.9,5.0,125.75,1.0,130.0,1.0,125.5,1.0,,,124.5,1.0,,,124.0,2.0,,,123.0,3.0,,
442,Germany_Baseload#19#0#10000106,2021-10-18 08:04:49.668000,126.85,1.0,128.5,1.0,126.75,1.0,128.6,1.0,126.6,1.0,128.8,1.0,126.0,1.0,129.5,1.0,125.8,5.0,129.9,5.0,125.75,1.0,130.0,1.0,125.5,1.0,,,124.5,1.0,,,124.0,2.0,,,123.0,3.0,,
443,Germany_Baseload#19#0#10000106,2021-10-18 08:04:49.762000,126.85,1.0,128.5,1.0,126.75,1.0,128.6,1.0,126.6,1.0,128.8,1.0,126.0,1.0,129.5,1.0,125.8,5.0,129.9,5.0,125.75,1.0,130.0,1.0,125.5,1.0,,,125.0,1.0,,,124.5,1.0,,,124.0,2.0,,
444,Germany_Baseload#19#0#10000106,2021-10-18 08:05:02.470000,126.85,1.0,128.5,2.0,126.75,1.0,128.6,1.0,126.6,1.0,128.8,1.0,126.0,1.0,129.5,1.0,125.8,5.0,129.9,5.0,125.75,1.0,130.0,1.0,125.5,1.0,,,125.0,1.0,,,124.5,1.0,,,124.0,2.0,,
445,Germany_Baseload#19#0#10000106,2021-10-18 08:05:22.998000,126.85,1.0,128.5,2.0,126.75,1.0,128.6,1.0,126.6,1.0,128.8,1.0,126.0,1.0,129.5,1.0,125.8,5.0,129.9,5.0,125.75,1.0,130.0,1.0,125.5,1.0,,,125.0,1.0,,,124.5,1.0,,,124.0,2.0,,
446,Germany_Baseload#19#0#10000106,2021-10-18 08:05:23.398000,126.85,1.0,128.6,2.0,126.75,1.0,128.8,1.0,126.6,1.0,129.5,1.0,126.0,1.0,129.9,5.0,125.8,5.0,130.0,1.0,125.75,1.0,,,125.5,1.0,,,125.0,1.0,,,124.5,1.0,,,124.0,2.0,,
