,key,Datetime,BidPrice_0,BidVolume_0,AskPrice_0,AskVolume_0,BidPrice_1,BidVolume_1,AskPrice_1,AskVolume_1,BidPrice_2,BidVolume_2,AskPrice_2,AskVolume_2,BidPrice_3,BidVolume_3,AskPrice_3,AskVolume_3,BidPrice_4,BidVolume_4,AskPrice_4,AskVolume_4,BidPrice_5,BidVolume_5,AskPrice_5,AskVolume_5,BidPrice_6,BidVolume_6,AskPrice_6,AskVolume_6,BidPrice_7,BidVolume_7,AskPrice_7,AskVolume_7,BidPrice_8,BidVolume_8,AskPrice_8,AskVolume_8,BidPrice_9,BidVolume_9,AskPrice_9,AskVolume_9
0,Germany_Baseload#19#0#10000106,2021-10-11 06:00:00.940000,52.0,1.0,126.0,1.0,48.0,3.0,,,,,,,,,,,,,,,,,,,,,,,,,,,,,,,,,,
1,Germany_Baseload#19#0#10000106,2021-10-11 06:00:28.589000,114.0,2.0,126.0,1.0,52.0,1.0,,,48.0,3.0,,,,,,,,,,,,,,,,,,,,,,,,,,,,,,
2,Germany_Baseload#19#0#10000106,2021-10-11 06:00:32.289000,114.0,2.0,126.0,1.0,100.0,1.0,,,52.0,1.0,,,48.0,3.0,,,,,,,,,,,,,,,,,,,,,,,,,,
3,Germany_Baseload#19#0#10000106,2021-10-11 06:01:09.353000,114.0,2.0,126.0,1.0,101.0,1.0,,,100.0,1.0,,,52.0,1.0,,,48.0,3.0,,,,,,,,,,,,,,,,,,,,,,
4,Germany_Baseload#19#0#10000106,2021-10-11 06:01:13.894000,114.0,1.0,126.0,1.0,101.0,1.0,,,100.0,1.0,,,52.0,1.0,,,48.0,3.0,,,,,,,,,,,,,,,,,,,,,,
5,Germany_Baseload#19#0#10000106,2021-10-11 06:01:14.087000,115.0,1.0,126.0,1.0,114.0,1.0,,,101.0,1.0,,,100.0,1.0,,,52.0,1.0,,,48.0,3.0,,,,,,,,,,,,,,,,,,
6,Germany_Baseload#19#0#10000106,2021-10-11 06:01:37.474000,115.0,2.0,126.0,1.0,114.0,1.0,,,100.0,1.0,,,52.0,1.0,,,48.0,3.0,,,,,,,,,,,,,,,,,,,,,,
7,Germany_Baseload#19#0#10000106,2021-10-11 06:02:14.969000,115.2,1.0,126.0,1.0,115.0,2.0,,,114.0,1.0,,,100.0,1.0,,,52.0,1.0,,,48.0,3.0,,,,,,,,,,,,,,,,,,
8,Germany_Baseload#19#0#10000106,2021-10-11 06:02:18.373000,115.2,1.0,126.0,1.0,115.0,2.0,,,114.0,1.0,,,100.0,1.0,,,52.0,1.0,,,48.0,3.0,,,,,,,,,,,,,,,,,,
9,Germany_Baseload#19#0#10000106,2021-10-11 06:02:37.808000,116.5,1.0,126.0,1.0,115.2,1.0,,,115.0,1.0,,,114.0,1.0,,,100.0,1.0,,,52.0,1.0,,,48.0,3.0,,,,,,,,,,,,,,
10,Germany_Baseload#19#0#10000106,2021-10-11 06:02:44.427000,116.25,1.0,126.0,1.0,115.2,1.0,,,115.0,1.0,,,114.0,1.0,,,100.0,1.0,,,52.0,1.0,,,48.0,3.0,,,,,,,,,,,,,,
11,Germany_Baseload#19#0#10000106,2021-10-11 06:03:14.724000,116.25,1.0,126.0,1.0,116.0,2.0,,,115.2,1.0,,,115.0,1.0,,,114.0,1.0,,,100.0,1.0,,,52.0,1.0,,,48.0,3.0,,,,,,,,,,
12,Germany_Baseload#19#0#10000106,2021-10-11 06:03:20.583000,116.5,2.0,126.0,1.0,116.25,1.0,,,115.2,1.0,,,115.0,1.0,,,114.0,1.0,,,100.0,1.0,,,52.0,1.0,,,48.0,3.0,,,,,,,,,,
13,Germany_Baseload#19#0#10000106,2021-10-11 06:04:02.724000,117.0,1.0,126.0,1.0,116.5,2.0,,,115.2,1.0,,,115.0,1.0,,,114.0,1.0,,,100.0,1.0,,,52.0,1.0,,,48.0,3.0,,,,,,,,,,
14,Germany_Baseload#19#0#10000106,2021-10-11 06:04:06.061000,117.0,2.0,126.0,1.0,116.5,2.0,,,115.2,1.0,,,115.0,1.0,,,114.0,1.0,,,100.0,1.0,,,52.0,1.0,,,48.0,3.0,,,,,,,,,,
15,Germany_Baseload#19#0#10000106,2021-10-11 06:04:10.099000,117.1,2.0,126.0,1.0,117.0,2.0,,,115.2,1.0,,,115.0,1.0,,,114.0,1.0,,,100.0,1.0,,,52.0,1.0,,,48.0,3.0,,,,,,,,,,
16,Germany_Baseload#19#0#10000106,2021-10-11 06:04:43.649000,117.1,2.0,119.0,1.0,117.0,2.0,126.0,1.0,115.2,1.0,,,115.0,1.0,,,114.0,1.0,,,100.0,1.0,,,52.0,1.0,,,48.0,3.0,,,,,,,,,,
17,Germany_Baseload#19#0#10000106,2021-10-11 06:05:00.893000,117.12,1.0,119.0,1.0,117.1,2.0,126.0,1.0,117.0,1.0,,,115.2,1.0,,,115.0,1.0,,,114.0,1.0,,,100.0,1.0,,,52.0,1.0,,,48.0,3.0,,,,,,
18,Germany_Baseload#19#0#10000106,2021-10-11 06:05:32.421000,117.12,1.0,119.0,1.0,117.1,1.0,126.0,1.0,117.0,1.0,,,115.2,1.0,,,115.0,1.0,,,114.0,1.0,,,100.0,1.0,,,52.0,1.0,,,48.0,3.0,,,,,,
19,Germany_Baseload#19#0#10000106,2021-10-11 06:05:39.028000,117.12,1.0,126.0,1.0,117.1,1.0,,,117.0,1.0,,,115.2,1.0,,,115.0,1.0,,,114.0,1.0,,,100.0,1.0,,,52.0,1.0,,,48.0,3.0,,,,,,
20,Germany_Baseload#19#0#10000106,2021-10-11 06:07:29.238000,117.25,2.0,126.0,1.0,117.12,1.0,,,117.1,1.0,,,117.0,1.0,,,115.2,1.0,,,115.0,1.0,,,114.0,1.0,,,100.0,1.0,,,52.0,1.0,,,48.0,3.0,,
21,Germany_Baseload#19#0#10000106,2021-10-11 06:07:38.910000,117.25,2.0,124.0,2.0,117.12,1.0,126.0,1.0,117.1,1.0,,,117.0,1.0,,,115.2,1.0,,,115.0,1.0,,,114.0,1.0,,,100.0,1.0,,,52.0,1.0,,,48.0,3.0,,
22,Germany_Baseload#19#0#10000106,2021-10-11 06:08:24.136000,117.3,1.0,124.0,2.0,117.25,2.0,126.0,1.0,117.12,1.0,,,117.1,1.0,,,117.0,1.0,,,115.2,1.0,,,115.0,1.0,,,114.0,1.0,,,100.0,1.0,,,52.0,1.0,,
23,Germany_Baseload#19#0#10000106,2021-10-11 06:08:24.137000,117.3,1.0,124.0,2.0,117.25,2.0,126.0,1.0,117.1,1.0,,,117.0,1.0,,,115.2,1.0,,,115.0,1.0,,,114.0,1.0,,,100.0,1.0,,,52.0,1.0,,,48.0,3.0,,
24,Germany_Baseload#19#0#10000106,2021-10-11 06:08:49.831000,122.0,1.0,123.0,1.0,121.0,4.0,124.0,2.0,120.25,1.0,124.4,1.0,120.0,1.0,126.5,1.0,119.5,1.0,135.0,1.0,119.0,1.0,135.03,2.0,118.0,1.0,,,117.0,1.0,,,115.5,3.0,,,115.25,3.0,,
25,Germany_Baseload#19#0#10000106,2021-10-11 06:08:57.237000,117.5,1.0,123.0,2.0,117.3,1.0,124.0,2.0,117.25,2.0,126.0,1.0,117.1,1.0,,,117.0,1.0,,,115.2,1.0,,,115.0,1.0,,,114.0,1.0,,,100.0,1.0,,,52.0,1.0,,
26,Germany_Baseload#19#0#10000106,2021-10-11 06:09:13.050000,117.5,1.0,119.5,1.0,117.3,1.0,123.0,2.0,117.25,2.0,124.0,2.0,117.1,1.0,126.0,1.0,117.0,1.0,,,115.2,1.0,,,115.0,1.0,,,114.0,1.0,,,100.0,1.0,,,52.0,1.0,,
27,Germany_Baseload#19#0#10000106,2021-10-11 06:12:35.187000,117.5,1.0,119.5,1.0,117.25,2.0,123.0,2.0,117.1,1.0,124.0,2.0,117.0,1.0,126.0,1.0,115.2,1.0,,,115.0,1.0,,,114.0,1.0,,,100.0,1.0,,,52.0,1.0,,,48.0,3.0,,
28,Germany_Baseload#19#0#10000106,2021-10-11 06:13:59.001000,117.25,2.0,119.5,1.0,117.1,1.0,123.0,2.0,117.0,1.0,124.0,2.0,115.2,1.0,126.0,1.0,115.0,1.0,,,114.0,1.0,,,100.0,1.0,,,52.0,1.0,,,48.0,3.0,,,,,,
29,Germany_Baseload#19#0#10000106,2021-10-11 06:13:59.420000,117.25,2.0,119.0,1.0,117.1,1.0,119.5,1.0,117.0,1.0,123.0,2.0,115.2,1.0,124.0,2.0,115.0,1.0,126.0,1.0,114.0,1.0,,,100.0,1.0,,,52.0,1.0,,,48.0,3.0,,,,,,
30,Germany_Baseload#19#0#10000106,2021-10-11 06:14:22.876000,117.25,4.0,119.0,1.0,117.1,1.0,119.5,1.0,117.0,1.0,123.0,2.0,115.2,1.0,124.0,2.0,115.0,1.0,126.0,1.0,114.0,1.0,,,100.0,1.0,,,52.0,1.0,,,48.0,3.0,,,,,,
31,Germany_Baseload#19#0#10000106,2021-10-11 06:14:55.954000,117.25,2.0,119.0,1.0,117.1,1.0,119.5,1.0,117.0,1.0,123.0,2.0,115.2,1.0,124.0,2.0,115.0,1.0,126.0,1.0,114.0,1.0,,,100.0,1.0,,,52.0,1.0,,,48.0,3.0,,,,,,
32,Germany_Baseload#19#0#10000106,2021-10-11 06:14:59.735000,117.1,1.0,119.0,1.0,117.0,1.0,119.5,1.0,115.2,1.0,123.0,2.0,115.0,1.0,124.0,2.0,114.0,1.0,126.0,1.0,100.0,1.0,,,52.0,1.0,,,48.0,3.0,,,,,,,,,,
33,Germany_Baseload#19#0#10000106,2021-10-11 06:15:09.983000,117.25,1.0,119.0,1.0,117.1,1.0,119.5,1.0,117.0,1.0,123.0,2.0,115.2,1.0,124.0,2.0,115.0,1.0,126.0,1.0,114.0,1.0,,,100.0,1.0,,,52.0,1.0,,,48.0,3.0,,,,,,
34,Germany_Baseload#19#0#10000106,2021-10-11 06:15:15.504000,117.1,1.0,119.0,1.0,117.0,1.0,119.5,1.0,115.2,1.0,123.0,2.0,115.0,1.0,124.0,2.0,114.0,1.0,126.0,1.0,100.0,1.0,,,52.0,1.0,,,48.0,3.0,,,,,,,,,,
35,Germany_Baseload#19#0#10000106,2021-10-11 06:15:17.547000,117.1,1.0,119.0,1.0,117.0,1.0,119.5,1.0,115.2,1.0,123.0,2.0,115.0,1.0,124.0,2.0,114.0,1.0,126.0,1.0,110.0,1.0,,,100.0,1.0,,,52.0,1.0,,,48.0,3.0,,,,,,
36,Germany_Baseload#19#0#10000106,2021-10-11 06:15:35.158000,117.1,2.0,119.0,1.0,117.0,1.0,119.5,1.0,115.2,1.0,123.0,2.0,115.0,1.0,124.0,2.0,114.0,1.0,126.0,1.0,110.0,1.0,,,100.0,1.0,,,52.0,1.0,,,48.0,3.0,,,,,,
37,Germany_Baseload#19#0#10000106,2021-10-11 06:15:36.887000,117.0,1.0,119.0,1.0,115.2,1.0,119.5,1.0,115.0,1.0,123.0,2.0,114.0,1.0,124.0,2.0,110.0,1.0,126.0,1.0,100.0,1.0,,,52.0,1.0,,,48.0,3.0,,,,,,,,,,
38,Germany_Baseload#19#0#10000106,2021-10-11 06:15:38.389000,115.2,1.0,119.0,1.0,115.0,1.0,119.5,1.0,114.0,1.0,123.0,2.0,110.0,1.0,124.0,2.0,100.0,1.0,126.0,1.0,52.0,1.0,,,48.0,3.0,,,,,,,,,,,,,,
39,Germany_Baseload#19#0#10000106,2021-10-11 06:15:51.740000,115.2,1.0,118.0,1.0,115.0,1.0,119.0,1.0,114.0,1.0,119.5,1.0,110.0,1.0,123.0,2.0,100.0,1.0,124.0,2.0,52.0,1.0,126.0,1.0,48.0,3.0,,,,,,,,,,,,,,
40,Germany_Baseload#19#0#10000106,2021-10-11 06:16:49.306000,115.2,1.0,116.95,1.0,115.0,1.0,118.0,1.0,114.0,1.0,119.0,1.0,110.0,1.0,119.5,1.0,100.0,1.0,123.0,2.0,52.0,1.0,124.0,2.0,48.0,3.0,126.0,1.0,,,,,,,,,,,,
41,Germany_Baseload#19#0#10000106,2021-10-11 06:16:49.322000,115.2,1.0,116.95,1.0,115.0,1.0,116.98,1.0,114.0,1.0,118.0,1.0,110.0,1.0,119.0,1.0,100.0,1.0,119.5,1.0,52.0,1.0,123.0,2.0,48.0,3.0,124.0,2.0,,,126.0,1.0,,,,,,,,
42,Germany_Baseload#19#0#10000106,2021-10-11 06:16:49.337000,115.2,1.0,116.95,1.0,115.0,1.0,116.98,2.0,114.0,1.0,118.0,1.0,110.0,1.0,119.0,1.0,100.0,1.0,119.5,1.0,52.0,1.0,123.0,2.0,48.0,3.0,124.0,2.0,,,126.0,1.0,,,,,,,,
43,Germany_Baseload#19#0#10000106,2021-10-11 06:17:40.458000,115.21,1.0,116.95,1.0,115.2,1.0,116.98,2.0,115.0,1.0,118.0,1.0,114.0,1.0,119.0,1.0,110.0,1.0,119.5,1.0,100.0,1.0,123.0,2.0,52.0,1.0,124.0,2.0,48.0,3.0,126.0,1.0,,,,,,,,
44,Germany_Baseload#19#0#10000106,2021-10-11 06:17:40.550000,115.22,1.0,116.95,1.0,115.2,1.0,116.98,2.0,115.0,1.0,118.0,1.0,114.0,1.0,119.0,1.0,110.0,1.0,119.5,1.0,100.0,1.0,123.0,2.0,52.0,1.0,124.0,2.0,48.0,3.0,126.0,1.0,,,,,,,,
45,Germany_Baseload#19#0#10000106,2021-10-11 06:17:40.752000,115.23,1.0,116.95,1.0,115.2,1.0,116.98,2.0,115.0,1.0,118.0,1.0,114.0,1.0,119.0,1.0,110.0,1.0,119.5,1.0,100.0,1.0,123.0,2.0,52.0,1.0,124.0,2.0,48.0,3.0,126.0,1.0,,,,,,,,
46,Germany_Baseload#19#0#10000106,2021-10-11 06:17:40.951000,115.24,1.0,116.95,1.0,115.2,1.0,116.98,2.0,115.0,1.0,118.0,1.0,114.0,1.0,119.0,1.0,110.0,1.0,119.5,1.0,100.0,1.0,123.0,2.0,52.0,1.0,124.0,2.0,48.0,3.0,126.0,1.0,,,,,,,,
47,Germany_Baseload#19#0#10000106,2021-10-11 06:17:41.151000,115.25,1.0,116.95,1.0,115.2,1.0,116.98,2.0,115.0,1.0,118.0,1.0,114.0,1.0,119.0,1.0,110.0,1.0,119.5,1.0,100.0,1.0,123.0,2.0,52.0,1.0,124.0,2.0,48.0,3.0,126.0,1.0,,,,,,,,
48,Germany_Baseload#19#0#10000106,2021-10-11 06:17:41.350000,115.26,1.0,116.95,1.0,115.2,1.0,116.98,2.0,115.0,1.0,118.0,1.0,114.0,1.0,119.0,1.0,110.0,1.0,119.5,1.0,100.0,1.0,123.0,2.0,52.0,1.0,124.0,2.0,48.0,3.0,126.0,1.0,,,,,,,,
49,Germany_Baseload#19#0#10000106,2021-10-11 06:17:41.553000,115.27,1.0,116.95,1.0,115.2,1.0,116.98,2.0,115.0,1.0,118.0,1.0,114.0,1.0,119.0,1.0,110.0,1.0,119.5,1.0,100.0,1.0,123.0,2.0,52.0,1.0,124.0,2.0,48.0,3.0,126.0,1.0,,,,,,,,
50,Germany_Baseload#19#0#10000106,2021-10-11 06:17:41.757000,115.28,1.0,116.95,1.0,115.2,1.0,116.98,2.0,115.0,1.0,118.0,1.0,114.0,1.0,119.0,1.0,110.0,1.0,119.5,1.0,100.0,1.0,123.0,2.0,52.0,1.0,124.0,2.0,48.0,3.0,126.0,1.0,,,,,,,,
51,Germany_Baseload#19#0#10000106,2021-10-11 06:17:41.950000,115.29,1.0,116.95,1.0,115.2,1.0,116.98,2.0,115.0,1.0,118.0,1.0,114.0,1.0,119.0,1.0,110.0,1.0,119.5,1.0,100.0,1.0,123.0,2.0,52.0,1.0,124.0,2.0,48.0,3.0,126.0,1.0,,,,,,,,
52,Germany_Baseload#19#0#10000106,2021-10-11 06:17:42.154000,115.3,1.0,116.95,1.0,115.29,1.0,116.98,2.0,115.2,1.0,118.0,1.0,115.0,1.0,119.0,1.0,114.0,1.0,119.5,1.0,110.0,1.0,123.0,2.0,100.0,1.0,124.0,2.0,52.0,1.0,126.0,1.0,48.0,3.0,,,,,,
53,Germany_Baseload#19#0#10000106,2021-10-11 06:17:42.155000,115.3,1.0,116.95,1.0,115.2,1.0,116.98,2.0,115.0,1.0,118.0,1.0,114.0,1.0,119.0,1.0,110.0,1.0,119.5,1.0,100.0,1.0,123.0,2.0,52.0,1.0,124.0,2.0,48.0,3.0,126.0,1.0,,,,,,,,
54,Germany_Baseload#19#0#10000106,2021-10-11 06:17:42.361000,115.31,1.0,116.95,1.0,115.3,1.0,116.98,2.0,115.2,1.0,118.0,1.0,115.0,1.0,119.0,1.0,114.0,1.0,119.5,1.0,110.0,1.0,123.0,2.0,100.0,1.0,124.0,2.0,52.0,1.0,126.0,1.0,48.0,3.0,,,,,,
55,Germany_Baseload#19#0#10000106,2021-10-11 06:17:42.362000,115.31,1.0,116.95,1.0,115.2,1.0,116.98,2.0,115.0,1.0,118.0,1.0,114.0,1.0,119.0,1.0,110.0,1.0,119.5,1.0,100.0,1.0,123.0,2.0,52.0,1.0,124.0,2.0,48.0,3.0,126.0,1.0,,,,,,,,
56,Germany_Baseload#19#0#10000106,2021-10-11 06:17:42.551000,115.32,1.0,116.95,1.0,115.2,1.0,116.98,2.0,115.0,1.0,118.0,1.0,114.0,1.0,119.0,1.0,110.0,1.0,119.5,1.0,100.0,1.0,123.0,2.0,52.0,1.0,124.0,2.0,48.0,3.0,126.0,1.0,,,,,,,,
57,Germany_Baseload#19#0#10000106,2021-10-11 06:17:42.749000,115.33,1.0,116.95,1.0,115.2,1.0,116.98,2.0,115.0,1.0,118.0,1.0,114.0,1.0,119.0,1.0,110.0,1.0,119.5,1.0,100.0,1.0,123.0,2.0,52.0,1.0,124.0,2.0,48.0,3.0,126.0,1.0,,,,,,,,
58,Germany_Baseload#19#0#10000106,2021-10-11 06:17:42.955000,115.34,1.0,116.95,1.0,115.33,1.0,116.98,2.0,115.2,1.0,118.0,1.0,115.0,1.0,119.0,1.0,114.0,1.0,119.5,1.0,110.0,1.0,123.0,2.0,100.0,1.0,124.0,2.0,52.0,1.0,126.0,1.0,48.0,3.0,,,,,,
59,Germany_Baseload#19#0#10000106,2021-10-11 06:17:42.956000,115.34,1.0,116.95,1.0,115.2,1.0,116.98,2.0,115.0,1.0,118.0,1.0,114.0,1.0,119.0,1.0,110.0,1.0,119.5,1.0,100.0,1.0,123.0,2.0,52.0,1.0,124.0,2.0,48.0,3.0,126.0,1.0,,,,,,,,
60,Germany_Baseload#19#0#10000106,2021-10-11 06:17:43.163000,115.35,1.0,116.95,1.0,115.2,1.0,116.98,2.0,115.0,1.0,118.0,1.0,114.0,1.0,119.0,1.0,110.0,1.0,119.5,1.0,100.0,1.0,123.0,2.0,52.0,1.0,124.0,2.0,48.0,3.0,126.0,1.0,,,,,,,,
61,Germany_Baseload#19#0#10000106,2021-10-11 06:17:43.355000,115.36,1.0,116.95,1.0,115.2,1.0,116.98,2.0,115.0,1.0,118.0,1.0,114.0,1.0,119.0,1.0,110.0,1.0,119.5,1.0,100.0,1.0,123.0,2.0,52.0,1.0,124.0,2.0,48.0,3.0,126.0,1.0,,,,,,,,
62,Germany_Baseload#19#0#10000106,2021-10-11 06:17:43.550000,115.37,1.0,116.95,1.0,115.2,1.0,116.98,2.0,115.0,1.0,118.0,1.0,114.0,1.0,119.0,1.0,110.0,1.0,119.5,1.0,100.0,1.0,123.0,2.0,52.0,1.0,124.0,2.0,48.0,3.0,126.0,1.0,,,,,,,,
63,Germany_Baseload#19#0#10000106,2021-10-11 06:17:43.750000,115.38,1.0,116.95,1.0,115.2,1.0,116.98,2.0,115.0,1.0,118.0,1.0,114.0,1.0,119.0,1.0,110.0,1.0,119.5,1.0,100.0,1.0,123.0,2.0,52.0,1.0,124.0,2.0,48.0,3.0,126.0,1.0,,,,,,,,
64,Germany_Baseload#19#0#10000106,2021-10-11 06:17:43.951000,115.39,1.0,116.95,1.0,115.38,1.0,116.98,2.0,115.2,1.0,118.0,1.0,115.0,1.0,119.0,1.0,114.0,1.0,119.5,1.0,110.0,1.0,123.0,2.0,100.0,1.0,124.0,2.0,52.0,1.0,126.0,1.0,48.0,3.0,,,,,,
65,Germany_Baseload#19#0#10000106,2021-10-11 06:17:43.952000,115.39,1.0,116.95,1.0,115.2,1.0,116.98,2.0,115.0,1.0,118.0,1.0,114.0,1.0,119.0,1.0,110.0,1.0,119.5,1.0,100.0,1.0,123.0,2.0,52.0,1.0,124.0,2.0,48.0,3.0,126.0,1.0,,,,,,,,
66,Germany_Baseload#19#0#10000106,2021-10-11 06:17:44.158000,115.4,1.0,116.95,1.0,115.2,1.0,116.98,2.0,115.0,1.0,118.0,1.0,114.0,1.0,119.0,1.0,110.0,1.0,119.5,1.0,100.0,1.0,123.0,2.0,52.0,1.0,124.0,2.0,48.0,3.0,126.0,1.0,,,,,,,,
67,Germany_Baseload#19#0#10000106,2021-10-11 06:17:44.360000,115.41,1.0,116.95,1.0,115.2,1.0,116.98,2.0,115.0,1.0,118.0,1.0,114.0,1.0,119.0,1.0,110.0,1.0,119.5,1.0,100.0,1.0,123.0,2.0,52.0,1.0,124.0,2.0,48.0,3.0,126.0,1.0,,,,,,,,
68,Germany_Baseload#19#0#10000106,2021-10-11 06:17:44.553000,115.42,1.0,116.95,1.0,115.2,1.0,116.98,2.0,115.0,1.0,118.0,1.0,114.0,1.0,119.0,1.0,110.0,1.0,119.5,1.0,100.0,1.0,123.0,2.0,52.0,1.0,124.0,2.0,48.0,3.0,126.0,1.0,,,,,,,,
69,Germany_Baseload#19#0#10000106,2021-10-11 06:17:44.766000,115.43,1.0,116.95,1.0,115.2,1.0,116.98,2.0,115.0,1.0,118.0,1.0,114.0,1.0,119.0,1.0,110.0,1.0,119.5,1.0,100.0,1.0,123.0,2.0,52.0,1.0,124.0,2.0,48.0,3.0,126.0,1.0,,,,,,,,
70,Germany_Baseload#19#0#10000106,2021-10-11 06:17:44.957000,115.44,1.0,116.95,1.0,115.2,1.0,116.98,2.0,115.0,1.0,118.0,1.0,114.0,1.0,119.0,1.0,110.0,1.0,119.5,1.0,100.0,1.0,123.0,2.0,52.0,1.0,124.0,2.0,48.0,3.0,126.0,1.0,,,,,,,,
71,Germany_Baseload#19#0#10000106,2021-10-11 06:17:45.158000,115.45,1.0,116.95,1.0,115.2,1.0,116.98,2.0,115.0,1.0,118.0,1.0,114.0,1.0,119.0,1.0,110.0,1.0,119.5,1.0,100.0,1.0,123.0,2.0,52.0,1.0,124.0,2.0,48.0,3.0,126.0,1.0,,,,,,,,
72,Germany_Baseload#19#0#10000106,2021-10-11 06:17:45.360000,115.46,1.0,116.95,1.0,115.2,1.0,116.98,2.0,115.0,1.0,118.0,1.0,114.0,1.0,119.0,1.0,110.0,1.0,119.5,1.0,100.0,1.0,123.0,2.0,52.0,1.0,124.0,2.0,48.0,3.0,126.0,1.0,,,,,,,,
73,Germany_Baseload#19#0#10000106,2021-10-11 06:17:45.559000,115.47,1.0,116.95,1.0,115.2,1.0,116.98,2.0,115.0,1.0,118.0,1.0,114.0,1.0,119.0,1.0,110.0,1.0,119.5,1.0,100.0,1.0,123.0,2.0,52.0,1.0,124.0,2.0,48.0,3.0,126.0,1.0,,,,,,,,
74,Germany_Baseload#19#0#10000106,2021-10-11 06:17:45.760000,115.48,1.0,116.95,1.0,115.47,1.0,116.98,2.0,115.2,1.0,118.0,1.0,115.0,1.0,119.0,1.0,114.0,1.0,119.5,1.0,110.0,1.0,123.0,2.0,100.0,1.0,124.0,2.0,52.0,1.0,126.0,1.0,48.0,3.0,,,,,,
75,Germany_Baseload#19#0#10000106,2021-10-11 06:17:45.761000,115.48,1.0,116.95,1.0,115.2,1.0,116.98,2.0,115.0,1.0,118.0,1.0,114.0,1.0,119.0,1.0,110.0,1.0,119.5,1.0,100.0,1.0,123.0,2.0,52.0,1.0,124.0,2.0,48.0,3.0,126.0,1.0,,,,,,,,
76,Germany_Baseload#19#0#10000106,2021-10-11 06:17:45.959000,115.49,1.0,116.95,1.0,115.2,1.0,116.98,2.0,115.0,1.0,118.0,1.0,114.0,1.0,119.0,1.0,110.0,1.0,119.5,1.0,100.0,1.0,123.0,2.0,52.0,1.0,124.0,2.0,48.0,3.0,126.0,1.0,,,,,,,,
77,Germany_Baseload#19#0#10000106,2021-10-11 06:17:46.159000,115.5,1.0,116.95,1.0,115.2,1.0,116.98,2.0,115.0,1.0,118.0,1.0,114.0,1.0,119.0,1.0,110.0,1.0,119.5,1.0,100.0,1.0,123.0,2.0,52.0,1.0,124.0,2.0,48.0,3.0,126.0,1.0,,,,,,,,
78,Germany_Baseload#19#0#10000106,2021-10-11 06:17:46.353000,115.51,1.0,116.95,1.0,115.5,1.0,116.98,2.0,115.2,1.0,118.0,1.0,115.0,1.0,119.0,1.0,114.0,1.0,119.5,1.0,110.0,1.0,123.0,2.0,100.0,1.0,124.0,2.0,52.0,1.0,126.0,1.0,48.0,3.0,,,,,,
79,Germany_Baseload#19#0#10000106,2021-10-11 06:17:46.354000,115.51,1.0,116.95,1.0,115.2,1.0,116.98,2.0,115.0,1.0,118.0,1.0,114.0,1.0,119.0,1.0,110.0,1.0,119.5,1.0,100.0,1.0,123.0,2.0,52.0,1.0,124.0,2.0,48.0,3.0,126.0,1.0,,,,,,,,
80,Germany_Baseload#19#0#10000106,2021-10-11 06:17:46.559000,115.52,1.0,116.95,1.0,115.2,1.0,116.98,2.0,115.0,1.0,118.0,1.0,114.0,1.0,119.0,1.0,110.0,1.0,119.5,1.0,100.0,1.0,123.0,2.0,52.0,1.0,124.0,2.0,48.0,3.0,126.0,1.0,,,,,,,,
81,Germany_Baseload#19#0#10000106,2021-10-11 06:17:46.751000,115.53,1.0,116.95,1.0,115.2,1.0,116.98,2.0,115.0,1.0,118.0,1.0,114.0,1.0,119.0,1.0,110.0,1.0,119.5,1.0,100.0,1.0,123.0,2.0,52.0,1.0,124.0,2.0,48.0,3.0,126.0,1.0,,,,,,,,
82,Germany_Baseload#19#0#10000106,2021-10-11 06:17:46.955000,115.54,1.0,116.95,1.0,115.2,1.0,116.98,2.0,115.0,1.0,118.0,1.0,114.0,1.0,119.0,1.0,110.0,1.0,119.5,1.0,100.0,1.0,123.0,2.0,52.0,1.0,124.0,2.0,48.0,3.0,126.0,1.0,,,,,,,,
83,Germany_Baseload#19#0#10000106,2021-10-11 06:17:47.150000,115.55,1.0,116.95,1.0,115.2,1.0,116.98,2.0,115.0,1.0,118.0,1.0,114.0,1.0,119.0,1.0,110.0,1.0,119.5,1.0,100.0,1.0,123.0,2.0,52.0,1.0,124.0,2.0,48.0,3.0,126.0,1.0,,,,,,,,
84,Germany_Baseload#19#0#10000106,2021-10-11 06:17:47.358000,115.56,1.0,116.95,1.0,115.2,1.0,116.98,2.0,115.0,1.0,118.0,1.0,114.0,1.0,119.0,1.0,110.0,1.0,119.5,1.0,100.0,1.0,123.0,2.0,52.0,1.0,124.0,2.0,48.0,3.0,126.0,1.0,,,,,,,,
85,Germany_Baseload#19#0#10000106,2021-10-11 06:17:47.564000,115.57,1.0,116.95,1.0,115.2,1.0,116.98,2.0,115.0,1.0,118.0,1.0,114.0,1.0,119.0,1.0,110.0,1.0,119.5,1.0,100.0,1.0,123.0,2.0,52.0,1.0,124.0,2.0,48.0,3.0,126.0,1.0,,,,,,,,
86,Germany_Baseload#19#0#10000106,2021-10-11 06:17:47.759000,115.58,1.0,116.95,1.0,115.2,1.0,116.98,2.0,115.0,1.0,118.0,1.0,114.0,1.0,119.0,1.0,110.0,1.0,119.5,1.0,100.0,1.0,123.0,2.0,52.0,1.0,124.0,2.0,48.0,3.0,126.0,1.0,,,,,,,,
87,Germany_Baseload#19#0#10000106,2021-10-11 06:17:47.953000,115.59,1.0,116.95,1.0,115.2,1.0,116.98,2.0,115.0,1.0,118.0,1.0,114.0,1.0,119.0,1.0,110.0,1.0,119.5,1.0,100.0,1.0,123.0,2.0,52.0,1.0,124.0,2.0,48.0,3.0,126.0,1.0,,,,,,,,
88,Germany_Baseload#19#0#10000106,2021-10-11 06:17:48.158000,115.6,1.0,116.95,1.0,115.2,1.0,116.98,2.0,115.0,1.0,118.0,1.0,114.0,1.0,119.0,1.0,110.0,1.0,119.5,1.0,100.0,1.0,123.0,2.0,52.0,1.0,124.0,2.0,48.0,3.0,126.0,1.0,,,,,,,,
89,Germany_Baseload#19#0#10000106,2021-10-11 06:17:48.351000,115.61,1.0,116.95,1.0,115.2,1.0,116.98,2.0,115.0,1.0,118.0,1.0,114.0,1.0,119.0,1.0,110.0,1.0,119.5,1.0,100.0,1.0,123.0,2.0,52.0,1.0,124.0,2.0,48.0,3.0,126.0,1.0,,,,,,,,
90,Germany_Baseload#19#0#10000106,2021-10-11 06:17:48.557000,115.62,1.0,116.95,1.0,115.2,1.0,116.98,2.0,115.0,1.0,118.0,1.0,114.0,1.0,119.0,1.0,110.0,1.0,119.5,1.0,100.0,1.0,123.0,2.0,52.0,1.0,124.0,2.0,48.0,3.0,126.0,1.0,,,,,,,,
91,Germany_Baseload#19#0#10000106,2021-10-11 06:17:48.735000,115.62,1.0,116.95,1.0,115.2,1.0,116.98,2.0,115.0,1.0,117.0,1.0,114.0,1.0,118.0,1.0,110.0,1.0,119.0,1.0,100.0,1.0,119.5,1.0,52.0,1.0,123.0,2.0,48.0,3.0,124.0,2.0,,,126.0,1.0,,,,
92,Germany_Baseload#19#0#10000106,2021-10-11 06:17:48.750000,115.63,1.0,116.95,1.0,115.2,1.0,116.98,2.0,115.0,1.0,117.0,1.0,114.0,1.0,118.0,1.0,110.0,1.0,119.0,1.0,100.0,1.0,119.5,1.0,52.0,1.0,123.0,2.0,48.0,3.0,124.0,2.0,,,126.0,1.0,,,,
93,Germany_Baseload#19#0#10000106,2021-10-11 06:17:48.958000,115.64,1.0,116.95,1.0,115.2,1.0,116.98,2.0,115.0,1.0,117.0,1.0,114.0,1.0,118.0,1.0,110.0,1.0,119.0,1.0,100.0,1.0,119.5,1.0,52.0,1.0,123.0,2.0,48.0,3.0,124.0,2.0,,,126.0,1.0,,,,
94,Germany_Baseload#19#0#10000106,2021-10-11 06:17:49.155000,115.65,1.0,116.95,1.0,115.2,1.0,116.98,2.0,115.0,1.0,117.0,1.0,114.0,1.0,118.0,1.0,110.0,1.0,119.0,1.0,100.0,1.0,119.5,1.0,52.0,1.0,123.0,2.0,48.0,3.0,124.0,2.0,,,126.0,1.0,,,,
95,Germany_Baseload#19#0#10000106,2021-10-11 06:17:49.358000,115.66,1.0,116.95,1.0,115.65,1.0,116.98,2.0,115.2,1.0,117.0,1.0,115.0,1.0,118.0,1.0,114.0,1.0,119.0,1.0,110.0,1.0,119.5,1.0,100.0,1.0,123.0,2.0,52.0,1.0,124.0,2.0,48.0,3.0,126.0,1.0,,,,
96,Germany_Baseload#19#0#10000106,2021-10-11 06:17:49.359000,115.66,1.0,116.95,1.0,115.2,1.0,116.98,2.0,115.0,1.0,117.0,1.0,114.0,1.0,118.0,1.0,110.0,1.0,119.0,1.0,100.0,1.0,119.5,1.0,52.0,1.0,123.0,2.0,48.0,3.0,124.0,2.0,,,126.0,1.0,,,,
97,Germany_Baseload#19#0#10000106,2021-10-11 06:17:49.563000,115.67,1.0,116.95,1.0,115.2,1.0,116.98,2.0,115.0,1.0,117.0,1.0,114.0,1.0,118.0,1.0,110.0,1.0,119.0,1.0,100.0,1.0,119.5,1.0,52.0,1.0,123.0,2.0,48.0,3.0,124.0,2.0,,,126.0,1.0,,,,
98,Germany_Baseload#19#0#10000106,2021-10-11 06:17:49.758000,115.68,1.0,116.95,1.0,115.2,1.0,116.98,2.0,115.0,1.0,117.0,1.0,114.0,1.0,118.0,1.0,110.0,1.0,119.0,1.0,100.0,1.0,119.5,1.0,52.0,1.0,123.0,2.0,48.0,3.0,124.0,2.0,,,126.0,1.0,,,,
99,Germany_Baseload#19#0#10000106,2021-10-11 06:17:49.959000,115.69,1.0,116.95,1.0,115.2,1.0,116.98,2.0,115.0,1.0,117.0,1.0,114.0,1.0,118.0,1.0,110.0,1.0,119.0,1.0,100.0,1.0,119.5,1.0,52.0,1.0,123.0,2.0,48.0,3.0,124.0,2.0,,,126.0,1.0,,,,
100,Germany_Baseload#19#0#10000106,2021-10-11 06:17:50.159000,115.7,1.0,116.95,1.0,115.2,1.0,116.98,2.0,115.0,1.0,117.0,1.0,114.0,1.0,118.0,1.0,110.0,1.0,119.0,1.0,100.0,1.0,119.5,1.0,52.0,1.0,123.0,2.0,48.0,3.0,124.0,2.0,,,126.0,1.0,,,,
101,Germany_Baseload#19#0#10000106,2021-10-11 06:17:50.352000,115.71,1.0,116.95,1.0,115.2,1.0,116.98,2.0,115.0,1.0,117.0,1.0,114.0,1.0,118.0,1.0,110.0,1.0,119.0,1.0,100.0,1.0,119.5,1.0,52.0,1.0,123.0,2.0,48.0,3.0,124.0,2.0,,,126.0,1.0,,,,
102,Germany_Baseload#19#0#10000106,2021-10-11 06:17:50.554000,115.72,1.0,116.95,1.0,115.2,1.0,116.98,2.0,115.0,1.0,117.0,1.0,114.0,1.0,118.0,1.0,110.0,1.0,119.0,1.0,100.0,1.0,119.5,1.0,52.0,1.0,123.0,2.0,48.0,3.0,124.0,2.0,,,126.0,1.0,,,,
103,Germany_Baseload#19#0#10000106,2021-10-11 06:17:50.760000,115.73,1.0,116.95,1.0,115.2,1.0,116.98,2.0,115.0,1.0,117.0,1.0,114.0,1.0,118.0,1.0,110.0,1.0,119.0,1.0,100.0,1.0,119.5,1.0,52.0,1.0,123.0,2.0,48.0,3.0,124.0,2.0,,,126.0,1.0,,,,
104,Germany_Baseload#19#0#10000106,2021-10-11 06:17:50.951000,115.74,1.0,116.95,1.0,115.73,1.0,116.98,2.0,115.2,1.0,117.0,1.0,115.0,1.0,118.0,1.0,114.0,1.0,119.0,1.0,110.0,1.0,119.5,1.0,100.0,1.0,123.0,2.0,52.0,1.0,124.0,2.0,48.0,3.0,126.0,1.0,,,,
105,Germany_Baseload#19#0#10000106,2021-10-11 06:17:50.952000,115.74,1.0,116.95,1.0,115.2,1.0,116.98,2.0,115.0,1.0,117.0,1.0,114.0,1.0,118.0,1.0,110.0,1.0,119.0,1.0,100.0,1.0,119.5,1.0,52.0,1.0,123.0,2.0,48.0,3.0,124.0,2.0,,,126.0,1.0,,,,
106,Germany_Baseload#19#0#10000106,2021-10-11 06:17:51.155000,115.75,1.0,116.95,1.0,115.2,1.0,116.98,2.0,115.0,1.0,117.0,1.0,114.0,1.0,118.0,1.0,110.0,1.0,119.0,1.0,100.0,1.0,119.5,1.0,52.0,1.0,123.0,2.0,48.0,3.0,124.0,2.0,,,126.0,1.0,,,,
107,Germany_Baseload#19#0#10000106,2021-10-11 06:17:51.360000,115.76,1.0,116.95,1.0,115.2,1.0,116.98,2.0,115.0,1.0,117.0,1.0,114.0,1.0,118.0,1.0,110.0,1.0,119.0,1.0,100.0,1.0,119.5,1.0,52.0,1.0,123.0,2.0,48.0,3.0,124.0,2.0,,,126.0,1.0,,,,
108,Germany_Baseload#19#0#10000106,2021-10-11 06:17:51.560000,115.77,1.0,116.95,1.0,115.2,1.0,116.98,2.0,115.0,1.0,117.0,1.0,114.0,1.0,118.0,1.0,110.0,1.0,119.0,1.0,100.0,1.0,119.5,1.0,52.0,1.0,123.0,2.0,48.0,3.0,124.0,2.0,,,126.0,1.0,,,,
109,Germany_Baseload#19#0#10000106,2021-10-11 06:17:51.768000,115.78,1.0,116.95,1.0,115.2,1.0,116.98,2.0,115.0,1.0,117.0,1.0,114.0,1.0,118.0,1.0,110.0,1.0,119.0,1.0,100.0,1.0,119.5,1.0,52.0,1.0,123.0,2.0,48.0,3.0,124.0,2.0,,,126.0,1.0,,,,
110,Germany_Baseload#19#0#10000106,2021-10-11 06:17:51.951000,115.79,1.0,116.95,1.0,115.2,1.0,116.98,2.0,115.0,1.0,117.0,1.0,114.0,1.0,118.0,1.0,110.0,1.0,119.0,1.0,100.0,1.0,119.5,1.0,52.0,1.0,123.0,2.0,48.0,3.0,124.0,2.0,,,126.0,1.0,,,,
111,Germany_Baseload#19#0#10000106,2021-10-11 06:17:52.151000,115.8,1.0,116.95,1.0,115.2,1.0,116.98,2.0,115.0,1.0,117.0,1.0,114.0,1.0,118.0,1.0,110.0,1.0,119.0,1.0,100.0,1.0,119.5,1.0,52.0,1.0,123.0,2.0,48.0,3.0,124.0,2.0,,,126.0,1.0,,,,
112,Germany_Baseload#19#0#10000106,2021-10-11 06:17:52.352000,115.81,1.0,116.95,1.0,115.2,1.0,116.98,2.0,115.0,1.0,117.0,1.0,114.0,1.0,118.0,1.0,110.0,1.0,119.0,1.0,100.0,1.0,119.5,1.0,52.0,1.0,123.0,2.0,48.0,3.0,124.0,2.0,,,126.0,1.0,,,,
113,Germany_Baseload#19#0#10000106,2021-10-11 06:17:52.568000,115.82,1.0,116.95,1.0,115.2,1.0,116.98,2.0,115.0,1.0,117.0,1.0,114.0,1.0,118.0,1.0,110.0,1.0,119.0,1.0,100.0,1.0,119.5,1.0,52.0,1.0,123.0,2.0,48.0,3.0,124.0,2.0,,,126.0,1.0,,,,
114,Germany_Baseload#19#0#10000106,2021-10-11 06:17:52.759000,115.83,1.0,116.95,1.0,115.2,1.0,116.98,2.0,115.0,1.0,117.0,1.0,114.0,1.0,118.0,1.0,110.0,1.0,119.0,1.0,100.0,1.0,119.5,1.0,52.0,1.0,123.0,2.0,48.0,3.0,124.0,2.0,,,126.0,1.0,,,,
115,Germany_Baseload#19#0#10000106,2021-10-11 06:17:52.959000,115.84,1.0,116.95,1.0,115.83,1.0,116.98,2.0,115.2,1.0,117.0,1.0,115.0,1.0,118.0,1.0,114.0,1.0,119.0,1.0,110.0,1.0,119.5,1.0,100.0,1.0,123.0,2.0,52.0,1.0,124.0,2.0,48.0,3.0,126.0,1.0,,,,
116,Germany_Baseload#19#0#10000106,2021-10-11 06:17:52.960000,115.84,1.0,116.95,1.0,115.2,1.0,116.98,2.0,115.0,1.0,117.0,1.0,114.0,1.0,118.0,1.0,110.0,1.0,119.0,1.0,100.0,1.0,119.5,1.0,52.0,1.0,123.0,2.0,48.0,3.0,124.0,2.0,,,126.0,1.0,,,,
117,Germany_Baseload#19#0#10000106,2021-10-11 06:17:53.161000,115.85,1.0,116.95,1.0,115.2,1.0,116.98,2.0,115.0,1.0,117.0,1.0,114.0,1.0,118.0,1.0,110.0,1.0,119.0,1.0,100.0,1.0,119.5,1.0,52.0,1.0,123.0,2.0,48.0,3.0,124.0,2.0,,,126.0,1.0,,,,
118,Germany_Baseload#19#0#10000106,2021-10-11 06:17:53.354000,115.86,1.0,116.95,1.0,115.2,1.0,116.98,2.0,115.0,1.0,117.0,1.0,114.0,1.0,118.0,1.0,110.0,1.0,119.0,1.0,100.0,1.0,119.5,1.0,52.0,1.0,123.0,2.0,48.0,3.0,124.0,2.0,,,126.0,1.0,,,,
119,Germany_Baseload#19#0#10000106,2021-10-11 06:17:53.553000,115.87,1.0,116.95,1.0,115.2,1.0,116.98,2.0,115.0,1.0,117.0,1.0,114.0,1.0,118.0,1.0,110.0,1.0,119.0,1.0,100.0,1.0,119.5,1.0,52.0,1.0,123.0,2.0,48.0,3.0,124.0,2.0,,,126.0,1.0,,,,
120,Germany_Baseload#19#0#10000106,2021-10-11 06:17:53.758000,115.88,1.0,116.95,1.0,115.2,1.0,116.98,2.0,115.0,1.0,117.0,1.0,114.0,1.0,118.0,1.0,110.0,1.0,119.0,1.0,100.0,1.0,119.5,1.0,52.0,1.0,123.0,2.0,48.0,3.0,124.0,2.0,,,126.0,1.0,,,,
121,Germany_Baseload#19#0#10000106,2021-10-11 06:17:53.959000,115.89,1.0,116.95,1.0,115.2,1.0,116.98,2.0,115.0,1.0,117.0,1.0,114.0,1.0,118.0,1.0,110.0,1.0,119.0,1.0,100.0,1.0,119.5,1.0,52.0,1.0,123.0,2.0,48.0,3.0,124.0,2.0,,,126.0,1.0,,,,
122,Germany_Baseload#19#0#10000106,2021-10-11 06:17:54.158000,115.9,1.0,116.95,1.0,115.2,1.0,116.98,2.0,115.0,1.0,117.0,1.0,114.0,1.0,118.0,1.0,110.0,1.0,119.0,1.0,100.0,1.0,119.5,1.0,52.0,1.0,123.0,2.0,48.0,3.0,124.0,2.0,,,126.0,1.0,,,,
123,Germany_Baseload#19#0#10000106,2021-10-11 06:17:54.351000,115.91,1.0,116.95,1.0,115.2,1.0,116.98,2.0,115.0,1.0,117.0,1.0,114.0,1.0,118.0,1.0,110.0,1.0,119.0,1.0,100.0,1.0,119.5,1.0,52.0,1.0,123.0,2.0,48.0,3.0,124.0,2.0,,,126.0,1.0,,,,
124,Germany_Baseload#19#0#10000106,2021-10-11 06:17:54.559000,115.92,1.0,116.95,1.0,115.2,1.0,116.98,2.0,115.0,1.0,117.0,1.0,114.0,1.0,118.0,1.0,110.0,1.0,119.0,1.0,100.0,1.0,119.5,1.0,52.0,1.0,123.0,2.0,48.0,3.0,124.0,2.0,,,126.0,1.0,,,,
125,Germany_Baseload#19#0#10000106,2021-10-11 06:17:54.759000,115.93,1.0,116.95,1.0,115.2,1.0,116.98,2.0,115.0,1.0,117.0,1.0,114.0,1.0,118.0,1.0,110.0,1.0,119.0,1.0,100.0,1.0,119.5,1.0,52.0,1.0,123.0,2.0,48.0,3.0,124.0,2.0,,,126.0,1.0,,,,
126,Germany_Baseload#19#0#10000106,2021-10-11 06:17:54.952000,115.94,1.0,116.95,1.0,115.2,1.0,116.98,2.0,115.0,1.0,117.0,1.0,114.0,1.0,118.0,1.0,110.0,1.0,119.0,1.0,100.0,1.0,119.5,1.0,52.0,1.0,123.0,2.0,48.0,3.0,124.0,2.0,,,126.0,1.0,,,,
127,Germany_Baseload#19#0#10000106,2021-10-11 06:17:55.152000,115.95,1.0,116.95,1.0,115.94,1.0,116.98,2.0,115.2,1.0,117.0,1.0,115.0,1.0,118.0,1.0,114.0,1.0,119.0,1.0,110.0,1.0,119.5,1.0,100.0,1.0,123.0,2.0,52.0,1.0,124.0,2.0,48.0,3.0,126.0,1.0,,,,
128,Germany_Baseload#19#0#10000106,2021-10-11 06:17:55.153000,115.95,1.0,116.95,1.0,115.2,1.0,116.98,2.0,115.0,1.0,117.0,1.0,114.0,1.0,118.0,1.0,110.0,1.0,119.0,1.0,100.0,1.0,119.5,1.0,52.0,1.0,123.0,2.0,48.0,3.0,124.0,2.0,,,126.0,1.0,,,,
129,Germany_Baseload#19#0#10000106,2021-10-11 06:17:55.351000,115.96,1.0,116.95,1.0,115.2,1.0,116.98,2.0,115.0,1.0,117.0,1.0,114.0,1.0,118.0,1.0,110.0,1.0,119.0,1.0,100.0,1.0,119.5,1.0,52.0,1.0,123.0,2.0,48.0,3.0,124.0,2.0,,,126.0,1.0,,,,
130,Germany_Baseload#19#0#10000106,2021-10-11 06:17:55.559000,115.97,1.0,116.95,1.0,115.2,1.0,116.98,2.0,115.0,1.0,117.0,1.0,114.0,1.0,118.0,1.0,110.0,1.0,119.0,1.0,100.0,1.0,119.5,1.0,52.0,1.0,123.0,2.0,48.0,3.0,124.0,2.0,,,126.0,1.0,,,,
131,Germany_Baseload#19#0#10000106,2021-10-11 06:17:55.763000,115.98,1.0,116.95,1.0,115.97,1.0,116.98,2.0,115.2,1.0,117.0,1.0,115.0,1.0,118.0,1.0,114.0,1.0,119.0,1.0,110.0,1.0,119.5,1.0,100.0,1.0,123.0,2.0,52.0,1.0,124.0,2.0,48.0,3.0,126.0,1.0,,,,
132,Germany_Baseload#19#0#10000106,2021-10-11 06:17:55.764000,115.98,1.0,116.95,1.0,115.2,1.0,116.98,2.0,115.0,1.0,117.0,1.0,114.0,1.0,118.0,1.0,110.0,1.0,119.0,1.0,100.0,1.0,119.5,1.0,52.0,1.0,123.0,2.0,48.0,3.0,124.0,2.0,,,126.0,1.0,,,,
133,Germany_Baseload#19#0#10000106,2021-10-11 06:17:55.959000,115.99,1.0,116.95,1.0,115.2,1.0,116.98,2.0,115.0,1.0,117.0,1.0,114.0,1.0,118.0,1.0,110.0,1.0,119.0,1.0,100.0,1.0,119.5,1.0,52.0,1.0,123.0,2.0,48.0,3.0,124.0,2.0,,,126.0,1.0,,,,
134,Germany_Baseload#19#0#10000106,2021-10-11 06:17:56.155000,116.0,1.0,116.95,1.0,115.2,1.0,116.98,2.0,115.0,1.0,117.0,1.0,114.0,1.0,118.0,1.0,110.0,1.0,119.0,1.0,100.0,1.0,119.5,1.0,52.0,1.0,123.0,2.0,48.0,3.0,124.0,2.0,,,126.0,1.0,,,,
135,Germany_Baseload#19#0#10000106,2021-10-11 06:17:56.355000,116.01,1.0,116.95,1.0,115.2,1.0,116.98,2.0,115.0,1.0,117.0,1.0,114.0,1.0,118.0,1.0,110.0,1.0,119.0,1.0,100.0,1.0,119.5,1.0,52.0,1.0,123.0,2.0,48.0,3.0,124.0,2.0,,,126.0,1.0,,,,
136,Germany_Baseload#19#0#10000106,2021-10-11 06:17:56.551000,116.02,1.0,116.95,1.0,116.01,1.0,116.98,2.0,115.2,1.0,117.0,1.0,115.0,1.0,118.0,1.0,114.0,1.0,119.0,1.0,110.0,1.0,119.5,1.0,100.0,1.0,123.0,2.0,52.0,1.0,124.0,2.0,48.0,3.0,126.0,1.0,,,,
137,Germany_Baseload#19#0#10000106,2021-10-11 06:17:56.552000,116.02,1.0,116.95,1.0,115.2,1.0,116.98,2.0,115.0,1.0,117.0,1.0,114.0,1.0,118.0,1.0,110.0,1.0,119.0,1.0,100.0,1.0,119.5,1.0,52.0,1.0,123.0,2.0,48.0,3.0,124.0,2.0,,,126.0,1.0,,,,
138,Germany_Baseload#19#0#10000106,2021-10-11 06:17:56.758000,116.03,1.0,116.95,1.0,116.02,1.0,116.98,2.0,115.2,1.0,117.0,1.0,115.0,1.0,118.0,1.0,114.0,1.0,119.0,1.0,110.0,1.0,119.5,1.0,100.0,1.0,123.0,2.0,52.0,1.0,124.0,2.0,48.0,3.0,126.0,1.0,,,,
139,Germany_Baseload#19#0#10000106,2021-10-11 06:17:56.759000,116.03,1.0,116.95,1.0,115.2,1.0,116.98,2.0,115.0,1.0,117.0,1.0,114.0,1.0,118.0,1.0,110.0,1.0,119.0,1.0,100.0,1.0,119.5,1.0,52.0,1.0,123.0,2.0,48.0,3.0,124.0,2.0,,,126.0,1.0,,,,
140,Germany_Baseload#19#0#10000106,2021-10-11 06:17:56.957000,116.04,1.0,116.95,1.0,115.2,1.0,116.98,2.0,115.0,1.0,117.0,1.0,114.0,1.0,118.0,1.0,110.0,1.0,119.0,1.0,100.0,1.0,119.5,1.0,52.0,1.0,123.0,2.0,48.0,3.0,124.0,2.0,,,126.0,1.0,,,,
141,Germany_Baseload#19#0#10000106,2021-10-11 06:17:57.155000,116.05,1.0,116.95,1.0,115.2,1.0,116.98,2.0,115.0,1.0,117.0,1.0,114.0,1.0,118.0,1.0,110.0,1.0,119.0,1.0,100.0,1.0,119.5,1.0,52.0,1.0,123.0,2.0,48.0,3.0,124.0,2.0,,,126.0,1.0,,,,
142,Germany_Baseload#19#0#10000106,2021-10-11 06:17:57.359000,116.06,1.0,116.95,1.0,115.2,1.0,116.98,2.0,115.0,1.0,117.0,1.0,114.0,1.0,118.0,1.0,110.0,1.0,119.0,1.0,100.0,1.0,119.5,1.0,52.0,1.0,123.0,2.0,48.0,3.0,124.0,2.0,,,126.0,1.0,,,,
143,Germany_Baseload#19#0#10000106,2021-10-11 06:17:57.552000,116.07,1.0,116.95,1.0,115.2,1.0,116.98,2.0,115.0,1.0,117.0,1.0,114.0,1.0,118.0,1.0,110.0,1.0,119.0,1.0,100.0,1.0,119.5,1.0,52.0,1.0,123.0,2.0,48.0,3.0,124.0,2.0,,,126.0,1.0,,,,
144,Germany_Baseload#19#0#10000106,2021-10-11 06:17:57.601000,116.07,1.0,116.5,1.0,115.2,1.0,116.95,1.0,115.0,1.0,116.98,2.0,114.0,1.0,117.0,1.0,110.0,1.0,118.0,1.0,100.0,1.0,119.0,1.0,52.0,1.0,119.5,1.0,48.0,3.0,123.0,2.0,,,124.0,2.0,,,126.0,1.0
145,Germany_Baseload#19#0#10000106,2021-10-11 06:17:57.759000,116.08,1.0,116.5,1.0,115.2,1.0,116.95,1.0,115.0,1.0,116.98,2.0,114.0,1.0,117.0,1.0,110.0,1.0,118.0,1.0,100.0,1.0,119.0,1.0,52.0,1.0,119.5,1.0,48.0,3.0,123.0,2.0,,,124.0,2.0,,,126.0,1.0
146,Germany_Baseload#19#0#10000106,2021-10-11 06:17:57.958000,116.09,1.0,116.5,1.0,115.2,1.0,116.95,1.0,115.0,1.0,116.98,2.0,114.0,1.0,117.0,1.0,110.0,1.0,118.0,1.0,100.0,1.0,119.0,1.0,52.0,1.0,119.5,1.0,48.0,3.0,123.0,2.0,,,124.0,2.0,,,126.0,1.0
147,Germany_Baseload#19#0#10000106,2021-10-11 06:17:58.165000,116.1,1.0,116.5,1.0,115.2,1.0,116.95,1.0,115.0,1.0,116.98,2.0,114.0,1.0,117.0,1.0,110.0,1.0,118.0,1.0,100.0,1.0,119.0,1.0,52.0,1.0,119.5,1.0,48.0,3.0,123.0,2.0,,,124.0,2.0,,,126.0,1.0
148,Germany_Baseload#19#0#10000106,2021-10-11 06:17:58.359000,116.11,1.0,116.5,1.0,115.2,1.0,116.95,1.0,115.0,1.0,116.98,2.0,114.0,1.0,117.0,1.0,110.0,1.0,118.0,1.0,100.0,1.0,119.0,1.0,52.0,1.0,119.5,1.0,48.0,3.0,123.0,2.0,,,124.0,2.0,,,126.0,1.0
149,Germany_Baseload#19#0#10000106,2021-10-11 06:17:58.559000,116.12,1.0,116.5,1.0,115.2,1.0,116.95,1.0,115.0,1.0,116.98,2.0,114.0,1.0,117.0,1.0,110.0,1.0,118.0,1.0,100.0,1.0,119.0,1.0,52.0,1.0,119.5,1.0,48.0,3.0,123.0,2.0,,,124.0,2.0,,,126.0,1.0
150,Germany_Baseload#19#0#10000106,2021-10-11 06:17:58.758000,116.13,1.0,116.5,1.0,115.2,1.0,116.95,1.0,115.0,1.0,116.98,2.0,114.0,1.0,117.0,1.0,110.0,1.0,118.0,1.0,100.0,1.0,119.0,1.0,52.0,1.0,119.5,1.0,48.0,3.0,123.0,2.0,,,124.0,2.0,,,126.0,1.0
151,Germany_Baseload#19#0#10000106,2021-10-11 06:17:58.964000,116.14,1.0,116.5,1.0,115.2,1.0,116.95,1.0,115.0,1.0,116.98,2.0,114.0,1.0,117.0,1.0,110.0,1.0,118.0,1.0,100.0,1.0,119.0,1.0,52.0,1.0,119.5,1.0,48.0,3.0,123.0,2.0,,,124.0,2.0,,,126.0,1.0
152,Germany_Baseload#19#0#10000106,2021-10-11 06:17:59.150000,116.15,1.0,116.5,1.0,115.2,1.0,116.95,1.0,115.0,1.0,116.98,2.0,114.0,1.0,117.0,1.0,110.0,1.0,118.0,1.0,100.0,1.0,119.0,1.0,52.0,1.0,119.5,1.0,48.0,3.0,123.0,2.0,,,124.0,2.0,,,126.0,1.0
153,Germany_Baseload#19#0#10000106,2021-10-11 06:17:59.364000,116.16,1.0,116.5,1.0,115.2,1.0,116.95,1.0,115.0,1.0,116.98,2.0,114.0,1.0,117.0,1.0,110.0,1.0,118.0,1.0,100.0,1.0,119.0,1.0,52.0,1.0,119.5,1.0,48.0,3.0,123.0,2.0,,,124.0,2.0,,,126.0,1.0
154,Germany_Baseload#19#0#10000106,2021-10-11 06:17:59.558000,116.17,1.0,116.5,1.0,115.2,1.0,116.95,1.0,115.0,1.0,116.98,2.0,114.0,1.0,117.0,1.0,110.0,1.0,118.0,1.0,100.0,1.0,119.0,1.0,52.0,1.0,119.5,1.0,48.0,3.0,123.0,2.0,,,124.0,2.0,,,126.0,1.0
155,Germany_Baseload#19#0#10000106,2021-10-11 06:17:59.750000,116.18,1.0,116.5,1.0,116.17,1.0,116.95,1.0,115.2,1.0,116.98,2.0,115.0,1.0,117.0,1.0,114.0,1.0,118.0,1.0,110.0,1.0,119.0,1.0,100.0,1.0,119.5,1.0,52.0,1.0,123.0,2.0,48.0,3.0,124.0,2.0,,,126.0,1.0
156,Germany_Baseload#19#0#10000106,2021-10-11 06:17:59.752000,116.18,1.0,116.5,1.0,115.2,1.0,116.95,1.0,115.0,1.0,116.98,2.0,114.0,1.0,117.0,1.0,110.0,1.0,118.0,1.0,100.0,1.0,119.0,1.0,52.0,1.0,119.5,1.0,48.0,3.0,123.0,2.0,,,124.0,2.0,,,126.0,1.0
157,Germany_Baseload#19#0#10000106,2021-10-11 06:17:59.958000,116.19,1.0,116.5,1.0,115.2,1.0,116.95,1.0,115.0,1.0,116.98,2.0,114.0,1.0,117.0,1.0,110.0,1.0,118.0,1.0,100.0,1.0,119.0,1.0,52.0,1.0,119.5,1.0,48.0,3.0,123.0,2.0,,,124.0,2.0,,,126.0,1.0
158,Germany_Baseload#19#0#10000106,2021-10-11 06:18:00.151000,116.2,1.0,116.5,1.0,115.2,1.0,116.95,1.0,115.0,1.0,116.98,2.0,114.0,1.0,117.0,1.0,110.0,1.0,118.0,1.0,100.0,1.0,119.0,1.0,52.0,1.0,119.5,1.0,48.0,3.0,123.0,2.0,,,124.0,2.0,,,126.0,1.0
159,Germany_Baseload#19#0#10000106,2021-10-11 06:18:00.354000,116.21,1.0,116.5,1.0,115.2,1.0,116.95,1.0,115.0,1.0,116.98,2.0,114.0,1.0,117.0,1.0,110.0,1.0,118.0,1.0,100.0,1.0,119.0,1.0,52.0,1.0,119.5,1.0,48.0,3.0,123.0,2.0,,,124.0,2.0,,,126.0,1.0
160,Germany_Baseload#19#0#10000106,2021-10-11 06:18:00.567000,116.22,1.0,116.5,1.0,115.2,1.0,116.95,1.0,115.0,1.0,116.98,2.0,114.0,1.0,117.0,1.0,110.0,1.0,118.0,1.0,100.0,1.0,119.0,1.0,52.0,1.0,119.5,1.0,48.0,3.0,123.0,2.0,,,124.0,2.0,,,126.0,1.0
161,Germany_Baseload#19#0#10000106,2021-10-11 06:18:00.759000,116.23,1.0,116.5,1.0,116.22,1.0,116.95,1.0,115.2,1.0,116.98,2.0,115.0,1.0,117.0,1.0,114.0,1.0,118.0,1.0,110.0,1.0,119.0,1.0,100.0,1.0,119.5,1.0,52.0,1.0,123.0,2.0,48.0,3.0,124.0,2.0,,,126.0,1.0
162,Germany_Baseload#19#0#10000106,2021-10-11 06:18:00.760000,116.23,1.0,116.5,1.0,115.2,1.0,116.95,1.0,115.0,1.0,116.98,2.0,114.0,1.0,117.0,1.0,110.0,1.0,118.0,1.0,100.0,1.0,119.0,1.0,52.0,1.0,119.5,1.0,48.0,3.0,123.0,2.0,,,124.0,2.0,,,126.0,1.0
163,Germany_Baseload#19#0#10000106,2021-10-11 06:18:00.951000,116.24,1.0,116.5,1.0,116.23,1.0,116.95,1.0,115.2,1.0,116.98,2.0,115.0,1.0,117.0,1.0,114.0,1.0,118.0,1.0,110.0,1.0,119.0,1.0,100.0,1.0,119.5,1.0,52.0,1.0,123.0,2.0,48.0,3.0,124.0,2.0,,,126.0,1.0
164,Germany_Baseload#19#0#10000106,2021-10-11 06:18:00.952000,116.24,1.0,116.5,1.0,115.2,1.0,116.95,1.0,115.0,1.0,116.98,2.0,114.0,1.0,117.0,1.0,110.0,1.0,118.0,1.0,100.0,1.0,119.0,1.0,52.0,1.0,119.5,1.0,48.0,3.0,123.0,2.0,,,124.0,2.0,,,126.0,1.0
165,Germany_Baseload#19#0#10000106,2021-10-11 06:18:01.154000,116.25,1.0,116.5,1.0,115.2,1.0,116.95,1.0,115.0,1.0,116.98,2.0,114.0,1.0,117.0,1.0,110.0,1.0,118.0,1.0,100.0,1.0,119.0,1.0,52.0,1.0,119.5,1.0,48.0,3.0,123.0,2.0,,,124.0,2.0,,,126.0,1.0
166,Germany_Baseload#19#0#10000106,2021-10-11 06:18:01.352000,116.26,1.0,116.5,1.0,115.2,1.0,116.95,1.0,115.0,1.0,116.98,2.0,114.0,1.0,117.0,1.0,110.0,1.0,118.0,1.0,100.0,1.0,119.0,1.0,52.0,1.0,119.5,1.0,48.0,3.0,123.0,2.0,,,124.0,2.0,,,126.0,1.0
167,Germany_Baseload#19#0#10000106,2021-10-11 06:18:01.560000,116.27,1.0,116.5,1.0,115.2,1.0,116.95,1.0,115.0,1.0,116.98,2.0,114.0,1.0,117.0,1.0,110.0,1.0,118.0,1.0,100.0,1.0,119.0,1.0,52.0,1.0,119.5,1.0,48.0,3.0,123.0,2.0,,,124.0,2.0,,,126.0,1.0
168,Germany_Baseload#19#0#10000106,2021-10-11 06:18:01.760000,116.28,1.0,116.5,1.0,115.2,1.0,116.95,1.0,115.0,1.0,116.98,2.0,114.0,1.0,117.0,1.0,110.0,1.0,118.0,1.0,100.0,1.0,119.0,1.0,52.0,1.0,119.5,1.0,48.0,3.0,123.0,2.0,,,124.0,2.0,,,126.0,1.0
169,Germany_Baseload#19#0#10000106,2021-10-11 06:18:01.958000,116.29,1.0,116.5,1.0,115.2,1.0,116.95,1.0,115.0,1.0,116.98,2.0,114.0,1.0,117.0,1.0,110.0,1.0,118.0,1.0,100.0,1.0,119.0,1.0,52.0,1.0,119.5,1.0,48.0,3.0,123.0,2.0,,,124.0,2.0,,,126.0,1.0
170,Germany_Baseload#19#0#10000106,2021-10-11 06:18:02.158000,116.3,1.0,116.5,1.0,116.29,1.0,116.95,1.0,115.2,1.0,116.98,2.0,115.0,1.0,117.0,1.0,114.0,1.0,118.0,1.0,110.0,1.0,119.0,1.0,100.0,1.0,119.5,1.0,52.0,1.0,123.0,2.0,48.0,3.0,124.0,2.0,,,126.0,1.0
171,Germany_Baseload#19#0#10000106,2021-10-11 06:18:02.159000,116.3,1.0,116.5,1.0,115.2,1.0,116.95,1.0,115.0,1.0,116.98,2.0,114.0,1.0,117.0,1.0,110.0,1.0,118.0,1.0,100.0,1.0,119.0,1.0,52.0,1.0,119.5,1.0,48.0,3.0,123.0,2.0,,,124.0,2.0,,,126.0,1.0
172,Germany_Baseload#19#0#10000106,2021-10-11 06:18:02.352000,116.31,1.0,116.5,1.0,115.2,1.0,116.95,1.0,115.0,1.0,116.98,2.0,114.0,1.0,117.0,1.0,110.0,1.0,118.0,1.0,100.0,1.0,119.0,1.0,52.0,1.0,119.5,1.0,48.0,3.0,123.0,2.0,,,124.0,2.0,,,126.0,1.0
173,Germany_Baseload#19#0#10000106,2021-10-11 06:18:02.551000,116.32,1.0,116.5,1.0,115.2,1.0,116.95,1.0,115.0,1.0,116.98,2.0,114.0,1.0,117.0,1.0,110.0,1.0,118.0,1.0,100.0,1.0,119.0,1.0,52.0,1.0,119.5,1.0,48.0,3.0,123.0,2.0,,,124.0,2.0,,,126.0,1.0
174,Germany_Baseload#19#0#10000106,2021-10-11 06:18:02.751000,116.33,1.0,116.5,1.0,115.2,1.0,116.95,1.0,115.0,1.0,116.98,2.0,114.0,1.0,117.0,1.0,110.0,1.0,118.0,1.0,100.0,1.0,119.0,1.0,52.0,1.0,119.5,1.0,48.0,3.0,123.0,2.0,,,124.0,2.0,,,126.0,1.0
175,Germany_Baseload#19#0#10000106,2021-10-11 06:18:02.951000,116.34,1.0,116.5,1.0,115.2,1.0,116.95,1.0,115.0,1.0,116.98,2.0,114.0,1.0,117.0,1.0,110.0,1.0,118.0,1.0,100.0,1.0,119.0,1.0,52.0,1.0,119.5,1.0,48.0,3.0,123.0,2.0,,,124.0,2.0,,,126.0,1.0
176,Germany_Baseload#19#0#10000106,2021-10-11 06:18:03.155000,116.35,1.0,116.5,1.0,115.2,1.0,116.95,1.0,115.0,1.0,116.98,2.0,114.0,1.0,117.0,1.0,110.0,1.0,118.0,1.0,100.0,1.0,119.0,1.0,52.0,1.0,119.5,1.0,48.0,3.0,123.0,2.0,,,124.0,2.0,,,126.0,1.0
177,Germany_Baseload#19#0#10000106,2021-10-11 06:18:03.353000,116.36,1.0,116.5,1.0,115.2,1.0,116.95,1.0,115.0,1.0,116.98,2.0,114.0,1.0,117.0,1.0,110.0,1.0,118.0,1.0,100.0,1.0,119.0,1.0,52.0,1.0,119.5,1.0,48.0,3.0,123.0,2.0,,,124.0,2.0,,,126.0,1.0
178,Germany_Baseload#19#0#10000106,2021-10-11 06:18:03.551000,116.37,1.0,116.5,1.0,116.36,1.0,116.95,1.0,115.2,1.0,116.98,2.0,115.0,1.0,117.0,1.0,114.0,1.0,118.0,1.0,110.0,1.0,119.0,1.0,100.0,1.0,119.5,1.0,52.0,1.0,123.0,2.0,48.0,3.0,124.0,2.0,,,126.0,1.0
179,Germany_Baseload#19#0#10000106,2021-10-11 06:18:03.552000,116.37,1.0,116.5,1.0,115.2,1.0,116.95,1.0,115.0,1.0,116.98,2.0,114.0,1.0,117.0,1.0,110.0,1.0,118.0,1.0,100.0,1.0,119.0,1.0,52.0,1.0,119.5,1.0,48.0,3.0,123.0,2.0,,,124.0,2.0,,,126.0,1.0
180,Germany_Baseload#19#0#10000106,2021-10-11 06:18:03.760000,116.38,1.0,116.5,1.0,115.2,1.0,116.95,1.0,115.0,1.0,116.98,2.0,114.0,1.0,117.0,1.0,110.0,1.0,118.0,1.0,100.0,1.0,119.0,1.0,52.0,1.0,119.5,1.0,48.0,3.0,123.0,2.0,,,124.0,2.0,,,126.0,1.0
181,Germany_Baseload#19#0#10000106,2021-10-11 06:18:03.847000,116.38,1.0,116.5,1.0,115.2,1.0,116.95,1.0,115.0,1.0,116.98,2.0,114.0,1.0,117.0,1.0,110.0,1.0,118.0,1.0,100.0,1.0,119.0,1.0,52.0,1.0,119.5,1.0,48.0,3.0,123.0,2.0,,,124.0,2.0,,,126.0,1.0
182,Germany_Baseload#19#0#10000106,2021-10-11 06:18:03.951000,116.39,1.0,116.5,1.0,115.2,1.0,116.95,1.0,115.0,1.0,116.98,2.0,114.0,1.0,117.0,1.0,110.0,1.0,118.0,1.0,100.0,1.0,119.0,1.0,52.0,1.0,119.5,1.0,48.0,3.0,123.0,2.0,,,124.0,2.0,,,126.0,1.0
183,Germany_Baseload#19#0#10000106,2021-10-11 06:18:04.159000,116.4,1.0,116.5,1.0,115.2,1.0,116.95,1.0,115.0,1.0,116.98,2.0,114.0,1.0,117.0,1.0,110.0,1.0,118.0,1.0,100.0,1.0,119.0,1.0,52.0,1.0,119.5,1.0,48.0,3.0,123.0,2.0,,,124.0,2.0,,,126.0,1.0
184,Germany_Baseload#19#0#10000106,2021-10-11 06:18:04.354000,116.41,1.0,116.5,1.0,115.2,1.0,116.95,1.0,115.0,1.0,116.98,2.0,114.0,1.0,117.0,1.0,110.0,1.0,118.0,1.0,100.0,1.0,119.0,1.0,52.0,1.0,119.5,1.0,48.0,3.0,123.0,2.0,,,124.0,2.0,,,126.0,1.0
185,Germany_Baseload#19#0#10000106,2021-10-11 06:18:04.552000,116.42,1.0,116.5,1.0,115.2,1.0,116.95,1.0,115.0,1.0,116.98,2.0,114.0,1.0,117.0,1.0,110.0,1.0,118.0,1.0,100.0,1.0,119.0,1.0,52.0,1.0,119.5,1.0,48.0,3.0,123.0,2.0,,,124.0,2.0,,,126.0,1.0
186,Germany_Baseload#19#0#10000106,2021-10-11 06:18:04.757000,116.43,1.0,116.5,1.0,116.42,1.0,116.95,1.0,115.2,1.0,116.98,2.0,115.0,1.0,117.0,1.0,114.0,1.0,118.0,1.0,110.0,1.0,119.0,1.0,100.0,1.0,119.5,1.0,52.0,1.0,123.0,2.0,48.0,3.0,124.0,2.0,,,126.0,1.0
187,Germany_Baseload#19#0#10000106,2021-10-11 06:18:04.758000,116.43,1.0,116.5,1.0,115.2,1.0,116.95,1.0,115.0,1.0,116.98,2.0,114.0,1.0,117.0,1.0,110.0,1.0,118.0,1.0,100.0,1.0,119.0,1.0,52.0,1.0,119.5,1.0,48.0,3.0,123.0,2.0,,,124.0,2.0,,,126.0,1.0
188,Germany_Baseload#19#0#10000106,2021-10-11 06:18:04.950000,116.44,1.0,116.5,1.0,115.2,1.0,116.95,1.0,115.0,1.0,116.98,2.0,114.0,1.0,117.0,1.0,110.0,1.0,118.0,1.0,100.0,1.0,119.0,1.0,52.0,1.0,119.5,1.0,48.0,3.0,123.0,2.0,,,124.0,2.0,,,126.0,1.0
189,Germany_Baseload#19#0#10000106,2021-10-11 06:18:05.152000,116.45,1.0,116.5,1.0,116.44,1.0,116.95,1.0,115.2,1.0,116.98,2.0,115.0,1.0,117.0,1.0,114.0,1.0,118.0,1.0,110.0,1.0,119.0,1.0,100.0,1.0,119.5,1.0,52.0,1.0,123.0,2.0,48.0,3.0,124.0,2.0,,,126.0,1.0
190,Germany_Baseload#19#0#10000106,2021-10-11 06:18:05.153000,116.45,1.0,116.5,1.0,115.2,1.0,116.95,1.0,115.0,1.0,116.98,2.0,114.0,1.0,117.0,1.0,110.0,1.0,118.0,1.0,100.0,1.0,119.0,1.0,52.0,1.0,119.5,1.0,48.0,3.0,123.0,2.0,,,124.0,2.0,,,126.0,1.0
191,Germany_Baseload#19#0#10000106,2021-10-11 06:18:05.357000,116.46,1.0,116.5,1.0,115.2,1.0,116.95,1.0,115.0,1.0,116.98,2.0,114.0,1.0,117.0,1.0,110.0,1.0,118.0,1.0,100.0,1.0,119.0,1.0,52.0,1.0,119.5,1.0,48.0,3.0,123.0,2.0,,,124.0,2.0,,,126.0,1.0
192,Germany_Baseload#19#0#10000106,2021-10-11 06:18:05.550000,116.47,1.0,116.5,1.0,115.2,1.0,116.95,1.0,115.0,1.0,116.98,2.0,114.0,1.0,117.0,1.0,110.0,1.0,118.0,1.0,100.0,1.0,119.0,1.0,52.0,1.0,119.5,1.0,48.0,3.0,123.0,2.0,,,124.0,2.0,,,126.0,1.0
193,Germany_Baseload#19#0#10000106,2021-10-11 06:18:05.580000,115.2,1.0,116.5,1.0,115.0,1.0,116.95,1.0,114.0,1.0,116.98,2.0,110.0,1.0,117.0,1.0,100.0,1.0,118.0,1.0,52.0,1.0,119.0,1.0,48.0,3.0,119.5,1.0,,,123.0,2.0,,,124.0,2.0,,,126.0,1.0
194,Germany_Baseload#19#0#10000106,2021-10-11 06:18:11.788000,115.2,1.0,116.95,1.0,115.0,1.0,116.98,2.0,114.0,1.0,117.0,1.0,110.0,1.0,118.0,1.0,100.0,1.0,119.0,1.0,52.0,1.0,119.5,1.0,48.0,3.0,123.0,2.0,,,124.0,2.0,,,126.0,1.0,,,,
195,Germany_Baseload#19#0#10000106,2021-10-11 06:18:11.793000,115.2,1.0,116.95,1.0,115.0,1.0,116.98,2.0,114.0,1.0,117.0,1.0,110.0,1.0,118.0,1.0,100.0,1.0,119.0,1.0,52.0,1.0,119.5,1.0,48.0,3.0,123.0,2.0,,,124.0,2.0,,,126.0,1.0,,,,
196,Germany_Baseload#19#0#10000106,2021-10-11 06:18:16.063000,115.2,1.0,116.5,2.0,115.0,1.0,116.95,1.0,114.0,1.0,116.98,2.0,110.0,1.0,117.0,1.0,100.0,1.0,118.0,1.0,52.0,1.0,119.0,1.0,48.0,3.0,119.5,1.0,,,123.0,2.0,,,124.0,2.0,,,126.0,1.0
197,Germany_Baseload#19#0#10000106,2021-10-11 06:18:39.665000,115.2,2.0,116.5,2.0,115.0,1.0,116.95,1.0,114.0,2.0,116.98,2.0,110.0,1.0,117.0,1.0,100.0,1.0,118.0,1.0,52.0,1.0,119.0,1.0,48.0,3.0,119.5,1.0,,,123.0,2.0,,,124.0,2.0,,,126.0,1.0
198,Germany_Baseload#19#0#10000106,2021-10-11 06:18:41.349000,115.2,2.0,116.95,1.0,115.0,1.0,116.98,2.0,114.0,2.0,117.0,1.0,110.0,1.0,118.0,1.0,100.0,1.0,119.0,1.0,52.0,1.0,119.5,1.0,48.0,3.0,123.0,2.0,,,124.0,2.0,,,126.0,1.0,,,,
199,Germany_Baseload#19#0#10000106,2021-10-11 06:18:45.229000,116.5,1.0,116.95,1.0,115.2,1.0,116.98,2.0,115.0,1.0,117.0,1.0,114.0,2.0,118.0,1.0,110.0,1.0,119.0,1.0,100.0,1.0,119.5,1.0,52.0,1.0,123.0,2.0,48.0,3.0,124.0,2.0,,,126.0,1.0,,,,
200,Germany_Baseload#19#0#10000106,2021-10-11 06:18:47.896000,116.5,1.0,116.95,1.0,115.2,1.0,116.98,2.0,115.0,1.0,118.0,1.0,114.0,2.0,119.0,1.0,110.0,1.0,119.5,1.0,100.0,1.0,123.0,2.0,52.0,1.0,124.0,2.0,48.0,3.0,126.0,1.0,,,,,,,,
201,Germany_Baseload#19#0#10000106,2021-10-11 06:18:51.940000,115.2,1.0,116.95,1.0,115.0,1.0,116.98,2.0,114.0,2.0,118.0,1.0,110.0,1.0,119.0,1.0,100.0,1.0,119.5,1.0,52.0,1.0,123.0,2.0,48.0,3.0,124.0,2.0,,,126.0,1.0,,,,,,,,
202,Germany_Baseload#19#0#10000106,2021-10-11 06:18:57.546000,115.2,1.0,116.95,1.0,115.0,1.0,116.98,2.0,114.0,2.0,118.0,1.0,110.0,1.0,119.0,2.0,100.0,1.0,119.5,1.0,52.0,1.0,123.0,2.0,48.0,3.0,124.0,2.0,,,126.0,1.0,,,,,,,,
203,Germany_Baseload#19#0#10000106,2021-10-11 06:19:05.834000,115.0,1.0,116.95,1.0,114.0,2.0,116.98,2.0,110.0,1.0,118.0,1.0,100.0,1.0,119.0,2.0,52.0,1.0,119.5,1.0,48.0,3.0,123.0,2.0,,,124.0,2.0,,,126.0,1.0,,,,,,,,
204,Germany_Baseload#19#0#10000106,2021-10-11 06:19:07.186000,114.0,2.0,116.95,1.0,110.0,1.0,116.98,2.0,100.0,1.0,118.0,1.0,52.0,1.0,119.0,2.0,48.0,3.0,119.5,1.0,,,123.0,2.0,,,124.0,2.0,,,126.0,1.0,,,,,,,,
205,Germany_Baseload#19#0#10000106,2021-10-11 06:19:07.223000,115.0,1.0,116.95,1.0,114.0,2.0,116.98,2.0,110.0,1.0,118.0,1.0,100.0,1.0,119.0,2.0,52.0,1.0,119.5,1.0,48.0,3.0,123.0,2.0,,,124.0,2.0,,,126.0,1.0,,,,,,,,
206,Germany_Baseload#19#0#10000106,2021-10-11 06:19:11.249000,115.0,2.0,116.95,1.0,114.0,2.0,116.98,2.0,110.0,1.0,118.0,1.0,100.0,1.0,119.0,2.0,52.0,1.0,119.5,1.0,48.0,3.0,123.0,2.0,,,124.0,2.0,,,126.0,1.0,,,,,,,,
207,Germany_Baseload#19#0#10000106,2021-10-11 06:19:11.353000,115.0,1.0,116.95,1.0,114.0,2.0,116.98,2.0,110.0,1.0,118.0,1.0,100.0,1.0,119.0,2.0,52.0,1.0,119.5,1.0,48.0,3.0,123.0,2.0,,,124.0,2.0,,,126.0,1.0,,,,,,,,
208,Germany_Baseload#19#0#10000106,2021-10-11 06:19:13.781000,115.0,2.0,116.95,1.0,114.0,2.0,116.98,2.0,110.0,1.0,118.0,1.0,100.0,1.0,119.0,2.0,52.0,1.0,119.5,1.0,48.0,3.0,123.0,2.0,,,124.0,2.0,,,126.0,1.0,,,,,,,,
209,Germany_Baseload#19#0#10000106,2021-10-11 06:19:22.954000,114.0,2.0,116.95,1.0,110.0,1.0,116.98,2.0,100.0,1.0,118.0,1.0,52.0,1.0,119.0,2.0,48.0,3.0,119.5,1.0,,,123.0,2.0,,,124.0,2.0,,,126.0,1.0,,,,,,,,
210,Germany_Baseload#19#0#10000106,2021-10-11 06:19:22.989000,115.0,1.0,116.95,1.0,114.0,2.0,116.98,2.0,110.0,1.0,118.0,1.0,100.0,1.0,119.0,2.0,52.0,1.0,119.5,1.0,48.0,3.0,123.0,2.0,,,124.0,2.0,,,126.0,1.0,,,,,,,,
211,Germany_Baseload#19#0#10000106,2021-10-11 06:19:24.680000,114.0,2.0,116.95,1.0,110.0,1.0,116.98,2.0,100.0,1.0,118.0,1.0,52.0,1.0,119.0,2.0,48.0,3.0,119.5,1.0,,,123.0,2.0,,,124.0,2.0,,,126.0,1.0,,,,,,,,
212,Germany_Baseload#19#0#10000106,2021-10-11 06:19:24.717000,115.0,1.0,116.95,1.0,114.0,2.0,116.98,2.0,110.0,1.0,118.0,1.0,100.0,1.0,119.0,2.0,52.0,1.0,119.5,1.0,48.0,3.0,123.0,2.0,,,124.0,2.0,,,126.0,1.0,,,,,,,,
213,Germany_Baseload#19#0#10000106,2021-10-11 06:19:27.377000,114.0,2.0,116.95,1.0,110.0,1.0,116.98,2.0,100.0,1.0,118.0,1.0,52.0,1.0,119.0,2.0,48.0,3.0,119.5,1.0,,,123.0,2.0,,,124.0,2.0,,,126.0,1.0,,,,,,,,
214,Germany_Baseload#19#0#10000106,2021-10-11 06:19:27.400000,115.0,1.0,116.95,1.0,114.0,2.0,116.98,2.0,110.0,1.0,118.0,1.0,100.0,1.0,119.0,2.0,52.0,1.0,119.5,1.0,48.0,3.0,123.0,2.0,,,124.0,2.0,,,126.0,1.0,,,,,,,,
215,Germany_Baseload#19#0#10000106,2021-10-11 06:19:29.240000,115.0,1.0,116.95,1.0,114.0,2.0,116.98,2.0,110.0,1.0,117.0,1.0,100.0,1.0,118.0,1.0,52.0,1.0,119.0,2.0,48.0,3.0,119.5,1.0,,,123.0,2.0,,,124.0,2.0,,,126.0,1.0,,,,
216,Germany_Baseload#19#0#10000106,2021-10-11 06:19:32.129000,114.0,2.0,116.95,1.0,110.0,1.0,116.98,2.0,100.0,1.0,117.0,1.0,52.0,1.0,118.0,1.0,48.0,3.0,119.0,2.0,,,119.5,1.0,,,123.0,2.0,,,124.0,2.0,,,126.0,1.0,,,,
217,Germany_Baseload#19#0#10000106,2021-10-11 06:19:32.165000,115.0,1.0,116.95,1.0,114.0,2.0,116.98,2.0,110.0,1.0,117.0,1.0,100.0,1.0,118.0,1.0,52.0,1.0,119.0,2.0,48.0,3.0,119.5,1.0,,,123.0,2.0,,,124.0,2.0,,,126.0,1.0,,,,
218,Germany_Baseload#19#0#10000106,2021-10-11 06:19:34.978000,114.0,2.0,116.95,1.0,110.0,1.0,116.98,2.0,100.0,1.0,117.0,1.0,52.0,1.0,118.0,1.0,48.0,3.0,119.0,2.0,,,119.5,1.0,,,123.0,2.0,,,124.0,2.0,,,126.0,1.0,,,,
219,Germany_Baseload#19#0#10000106,2021-10-11 06:19:46.483000,115.0,1.0,116.95,1.0,114.0,2.0,116.98,2.0,110.0,1.0,117.0,1.0,100.0,1.0,118.0,1.0,52.0,1.0,119.0,2.0,48.0,3.0,119.5,1.0,,,123.0,2.0,,,124.0,2.0,,,126.0,1.0,,,,
220,Germany_Baseload#19#0#10000106,2021-10-11 06:19:54.480000,115.0,2.0,116.95,1.0,114.0,2.0,116.98,2.0,110.0,1.0,117.0,1.0,100.0,1.0,118.0,1.0,52.0,1.0,119.0,2.0,48.0,3.0,119.5,1.0,,,123.0,2.0,,,124.0,2.0,,,126.0,1.0,,,,
221,Germany_Baseload#19#0#10000106,2021-10-11 06:19:56.463000,115.0,2.0,116.95,1.0,114.0,2.0,116.98,2.0,110.0,1.0,117.0,1.0,100.5,1.0,118.0,1.0,100.0,1.0,119.0,2.0,52.0,1.0,119.5,1.0,48.0,3.0,123.0,2.0,,,124.0,2.0,,,126.0,1.0,,,,
222,Germany_Baseload#19#0#10000106,2021-10-11 06:20:10.863000,115.0,2.0,115.45,1.0,114.0,2.0,116.95,1.0,110.0,1.0,116.98,2.0,100.5,1.0,117.0,1.0,100.0,1.0,118.0,1.0,52.0,1.0,119.0,2.0,48.0,3.0,119.5,1.0,,,123.0,2.0,,,124.0,2.0,,,126.0,1.0
223,Germany_Baseload#19#0#10000106,2021-10-11 06:20:16.198000,115.0,2.0,116.95,1.0,114.0,2.0,116.98,2.0,110.0,1.0,117.0,1.0,100.5,1.0,118.0,1.0,100.0,1.0,119.0,2.0,52.0,1.0,119.5,1.0,48.0,3.0,123.0,2.0,,,124.0,2.0,,,126.0,1.0,,,,
224,Germany_Baseload#19#0#10000106,2021-10-11 06:20:16.227000,115.0,2.0,115.45,1.0,114.0,2.0,116.95,1.0,110.0,1.0,116.98,2.0,100.5,1.0,117.0,1.0,100.0,1.0,118.0,1.0,52.0,1.0,119.0,2.0,48.0,3.0,119.5,1.0,,,123.0,2.0,,,124.0,2.0,,,126.0,1.0
225,Germany_Baseload#19#0#10000106,2021-10-11 06:20:38.638000,115.0,2.0,116.95,1.0,114.0,2.0,116.98,2.0,110.0,1.0,117.0,1.0,100.5,1.0,118.0,1.0,100.0,1.0,119.0,2.0,52.0,1.0,119.5,1.0,48.0,3.0,123.0,2.0,,,124.0,2.0,,,126.0,1.0,,,,
226,Germany_Baseload#19#0#10000106,2021-10-11 06:20:38.675000,115.0,2.0,115.45,1.0,114.0,2.0,116.95,1.0,110.0,1.0,116.98,2.0,100.5,1.0,117.0,1.0,100.0,1.0,118.0,1.0,52.0,1.0,119.0,2.0,48.0,3.0,119.5,1.0,,,123.0,2.0,,,124.0,2.0,,,126.0,1.0
227,Germany_Baseload#19#0#10000106,2021-10-11 06:20:38.707000,115.0,2.0,116.95,1.0,114.0,2.0,116.98,2.0,110.0,1.0,117.0,1.0,100.5,1.0,118.0,1.0,100.0,1.0,119.0,2.0,52.0,1.0,119.5,1.0,48.0,3.0,123.0,2.0,,,124.0,2.0,,,126.0,1.0,,,,
228,Germany_Baseload#19#0#10000106,2021-10-11 06:20:38.746000,115.0,2.0,115.45,1.0,114.0,2.0,116.95,1.0,110.0,1.0,116.98,2.0,100.5,1.0,117.0,1.0,100.0,1.0,118.0,1.0,52.0,1.0,119.0,2.0,48.0,3.0,119.5,1.0,,,123.0,2.0,,,124.0,2.0,,,126.0,1.0
229,Germany_Baseload#19#0#10000106,2021-10-11 06:20:38.782000,115.0,2.0,116.95,1.0,114.0,2.0,116.98,2.0,110.0,1.0,117.0,1.0,100.5,1.0,118.0,1.0,100.0,1.0,119.0,2.0,52.0,1.0,119.5,1.0,48.0,3.0,123.0,2.0,,,124.0,2.0,,,126.0,1.0,,,,
230,Germany_Baseload#19#0#10000106,2021-10-11 06:20:38.811000,115.0,2.0,115.45,1.0,114.0,2.0,116.95,1.0,110.0,1.0,116.98,2.0,100.5,1.0,117.0,1.0,100.0,1.0,118.0,1.0,52.0,1.0,119.0,2.0,48.0,3.0,119.5,1.0,,,123.0,2.0,,,124.0,2.0,,,126.0,1.0
231,Germany_Baseload#19#0#10000106,2021-10-11 06:20:41.180000,115.0,1.0,115.45,1.0,114.0,2.0,116.95,1.0,110.0,1.0,116.98,2.0,100.5,1.0,117.0,1.0,100.0,1.0,118.0,1.0,52.0,1.0,119.0,2.0,48.0,3.0,119.5,1.0,,,123.0,2.0,,,124.0,2.0,,,126.0,1.0
232,Germany_Baseload#19#0#10000106,2021-10-11 06:20:51.248000,115.25,1.0,115.45,1.0,115.0,1.0,116.95,1.0,114.0,2.0,116.98,2.0,110.0,1.0,117.0,1.0,100.5,1.0,118.0,1.0,100.0,1.0,119.0,2.0,52.0,1.0,119.5,1.0,48.0,3.0,123.0,2.0,,,124.0,2.0,,,126.0,1.0
233,Germany_Baseload#19#0#10000106,2021-10-11 06:20:51.890000,115.25,1.0,115.5,1.0,115.0,1.0,116.95,1.0,114.0,2.0,116.98,2.0,110.0,1.0,117.0,1.0,100.5,1.0,118.0,1.0,100.0,1.0,119.0,2.0,52.0,1.0,119.5,1.0,48.0,3.0,123.0,2.0,,,124.0,2.0,,,126.0,1.0
234,Germany_Baseload#19#0#10000106,2021-10-11 06:20:58.102000,115.0,1.0,115.5,1.0,114.0,2.0,116.95,1.0,110.0,1.0,116.98,2.0,100.5,1.0,117.0,1.0,100.0,1.0,118.0,1.0,52.0,1.0,119.0,2.0,48.0,3.0,119.5,1.0,,,123.0,2.0,,,124.0,2.0,,,126.0,1.0
235,Germany_Baseload#19#0#10000106,2021-10-11 06:20:59.435000,115.0,1.0,116.95,1.0,114.0,2.0,116.98,2.0,110.0,1.0,117.0,1.0,100.5,1.0,118.0,1.0,100.0,1.0,119.0,2.0,52.0,1.0,119.5,1.0,48.0,3.0,123.0,2.0,,,124.0,2.0,,,126.0,1.0,,,,
236,Germany_Baseload#19#0#10000106,2021-10-11 06:21:03.745000,115.0,1.0,116.95,1.0,114.5,2.0,116.98,2.0,114.0,2.0,117.0,1.0,110.0,1.0,118.0,1.0,100.5,1.0,119.0,2.0,100.0,1.0,119.5,1.0,52.0,1.0,123.0,2.0,48.0,3.0,124.0,2.0,,,126.0,1.0,,,,
237,Germany_Baseload#19#0#10000106,2021-10-11 06:21:03.792000,115.0,1.0,116.95,1.0,114.5,2.0,116.98,2.0,114.47,4.0,117.0,1.0,114.0,2.0,118.0,1.0,110.0,1.0,119.0,2.0,100.5,1.0,119.5,1.0,100.0,1.0,123.0,2.0,52.0,1.0,124.0,2.0,48.0,3.0,126.0,1.0,,,,
238,Germany_Baseload#19#0#10000106,2021-10-11 06:21:15.949000,114.5,2.0,116.95,1.0,114.47,4.0,116.98,2.0,114.0,2.0,117.0,1.0,110.0,1.0,118.0,1.0,100.5,1.0,119.0,2.0,100.0,1.0,119.5,1.0,52.0,1.0,123.0,2.0,48.0,3.0,124.0,2.0,,,126.0,1.0,,,,
239,Germany_Baseload#19#0#10000106,2021-10-11 06:21:15.992000,115.0,1.0,116.95,1.0,114.5,2.0,116.98,2.0,114.47,4.0,117.0,1.0,114.0,2.0,118.0,1.0,110.0,1.0,119.0,2.0,100.5,1.0,119.5,1.0,100.0,1.0,123.0,2.0,52.0,1.0,124.0,2.0,48.0,3.0,126.0,1.0,,,,
240,Germany_Baseload#19#0#10000106,2021-10-11 06:21:37.928000,114.5,2.0,116.95,1.0,114.47,4.0,116.98,2.0,114.0,2.0,117.0,1.0,110.0,1.0,118.0,1.0,100.5,1.0,119.0,2.0,100.0,1.0,119.5,1.0,52.0,1.0,123.0,2.0,48.0,3.0,124.0,2.0,,,126.0,1.0,,,,
241,Germany_Baseload#19#0#10000106,2021-10-11 06:21:37.961000,115.0,1.0,116.95,1.0,114.5,2.0,116.98,2.0,114.47,4.0,117.0,1.0,114.0,2.0,118.0,1.0,110.0,1.0,119.0,2.0,100.5,1.0,119.5,1.0,100.0,1.0,123.0,2.0,52.0,1.0,124.0,2.0,48.0,3.0,126.0,1.0,,,,
242,Germany_Baseload#19#0#10000106,2021-10-11 06:21:42.144000,115.0,2.0,116.95,1.0,114.5,2.0,116.98,2.0,114.47,4.0,117.0,1.0,114.0,2.0,118.0,1.0,110.0,1.0,119.0,2.0,100.5,1.0,119.5,1.0,100.0,1.0,123.0,2.0,52.0,1.0,124.0,2.0,48.0,3.0,126.0,1.0,,,,
243,Germany_Baseload#19#0#10000106,2021-10-11 06:21:44.328000,115.0,3.0,116.95,1.0,114.5,2.0,116.98,2.0,114.47,4.0,117.0,1.0,114.0,2.0,118.0,1.0,110.0,1.0,119.0,2.0,100.5,1.0,119.5,1.0,100.0,1.0,123.0,2.0,52.0,1.0,124.0,2.0,48.0,3.0,126.0,1.0,,,,
244,Germany_Baseload#19#0#10000106,2021-10-11 06:21:45.972000,115.0,4.0,116.95,1.0,114.5,2.0,116.98,2.0,114.47,4.0,117.0,1.0,114.0,2.0,118.0,1.0,110.0,1.0,119.0,2.0,100.5,1.0,119.5,1.0,100.0,1.0,123.0,2.0,52.0,1.0,124.0,2.0,48.0,3.0,126.0,1.0,,,,
245,Germany_Baseload#19#0#10000106,2021-10-11 06:21:46.004000,115.0,4.0,116.95,1.0,114.97,1.0,116.98,2.0,114.5,2.0,117.0,1.0,114.0,2.0,118.0,1.0,110.0,1.0,119.0,2.0,100.5,1.0,119.5,1.0,100.0,1.0,123.0,2.0,52.0,1.0,124.0,2.0,48.0,3.0,126.0,1.0,,,,
246,Germany_Baseload#19#0#10000106,2021-10-11 06:21:46.012000,115.0,4.0,116.95,1.0,114.5,2.0,116.98,2.0,114.47,2.0,117.0,1.0,114.0,2.0,118.0,1.0,110.0,1.0,119.0,2.0,100.5,1.0,119.5,1.0,100.0,1.0,123.0,2.0,52.0,1.0,124.0,2.0,48.0,3.0,126.0,1.0,,,,
247,Germany_Baseload#19#0#10000106,2021-10-11 06:21:46.017000,115.0,4.0,116.95,1.0,114.5,2.0,116.98,2.0,114.0,2.0,117.0,1.0,110.0,1.0,118.0,1.0,100.5,1.0,119.0,2.0,100.0,1.0,119.5,1.0,52.0,1.0,123.0,2.0,48.0,3.0,124.0,2.0,,,126.0,1.0,,,,
248,Germany_Baseload#19#0#10000106,2021-10-11 06:21:46.019000,115.0,4.0,116.95,1.0,114.97,2.0,116.98,2.0,114.5,2.0,117.0,1.0,114.0,2.0,118.0,1.0,110.0,1.0,119.0,2.0,100.5,1.0,119.5,1.0,100.0,1.0,123.0,2.0,52.0,1.0,124.0,2.0,48.0,3.0,126.0,1.0,,,,
249,Germany_Baseload#19#0#10000106,2021-10-11 06:22:08.630000,115.0,4.0,116.95,1.0,114.97,2.0,116.98,2.0,114.5,2.0,117.0,1.0,114.0,2.0,118.0,1.0,110.0,1.0,119.0,2.0,100.5,1.0,119.5,1.0,100.0,1.0,123.0,2.0,52.0,1.0,124.0,2.0,48.0,3.0,126.0,1.0,,,,
250,Germany_Baseload#19#0#10000106,2021-10-11 06:22:19.759000,115.1,2.0,116.95,1.0,115.0,4.0,116.98,2.0,114.97,2.0,117.0,1.0,114.5,2.0,118.0,1.0,114.0,2.0,119.0,2.0,110.0,1.0,119.5,1.0,100.5,1.0,123.0,2.0,100.0,1.0,124.0,2.0,52.0,1.0,126.0,1.0,48.0,3.0,,
251,Germany_Baseload#19#0#10000106,2021-10-11 06:22:44.019000,115.25,3.0,116.95,1.0,115.1,2.0,116.98,2.0,115.0,4.0,117.0,1.0,114.97,2.0,118.0,1.0,114.5,2.0,119.0,2.0,114.0,2.0,119.5,1.0,110.0,1.0,123.0,2.0,100.5,1.0,124.0,2.0,100.0,1.0,126.0,1.0,52.0,1.0,,
252,Germany_Baseload#19#0#10000106,2021-10-11 06:22:44.066000,115.25,3.0,116.95,1.0,115.1,2.0,116.98,2.0,115.0,4.0,117.0,1.0,114.97,1.0,118.0,1.0,114.5,2.0,119.0,2.0,114.0,2.0,119.5,1.0,110.0,1.0,123.0,2.0,100.5,1.0,124.0,2.0,100.0,1.0,126.0,1.0,52.0,1.0,,
253,Germany_Baseload#19#0#10000106,2021-10-11 06:22:44.066000,115.25,3.0,116.95,1.0,115.22,6.0,116.98,2.0,115.1,2.0,117.0,1.0,115.0,5.0,118.0,1.0,114.5,2.0,119.0,2.0,114.0,2.0,119.5,1.0,110.0,1.0,123.0,2.0,100.5,1.0,124.0,2.0,100.0,1.0,126.0,1.0,52.0,1.0,,
254,Germany_Baseload#19#0#10000106,2021-10-11 06:22:44.070000,115.25,3.0,116.95,1.0,115.1,2.0,116.98,2.0,115.0,5.0,117.0,1.0,114.5,2.0,118.0,1.0,114.0,2.0,119.0,2.0,110.0,1.0,119.5,1.0,100.5,1.0,123.0,2.0,100.0,1.0,124.0,2.0,52.0,1.0,126.0,1.0,48.0,3.0,,
255,Germany_Baseload#19#0#10000106,2021-10-11 06:22:51.862000,115.25,1.0,116.95,1.0,115.22,6.0,116.98,2.0,115.1,2.0,117.0,1.0,115.0,5.0,118.0,1.0,114.5,2.0,119.0,2.0,114.0,2.0,119.5,1.0,110.0,1.0,123.0,2.0,100.5,1.0,124.0,2.0,100.0,1.0,126.0,1.0,52.0,1.0,,
256,Germany_Baseload#19#0#10000106,2021-10-11 06:23:02.746000,115.25,1.0,116.95,1.0,115.22,6.0,116.98,2.0,115.0,5.0,117.0,1.0,114.5,2.0,118.0,1.0,114.0,2.0,119.0,2.0,110.0,1.0,119.5,1.0,100.5,1.0,123.0,2.0,100.0,1.0,124.0,2.0,52.0,1.0,126.0,1.0,48.0,3.0,,
257,Germany_Baseload#19#0#10000106,2021-10-11 06:23:02.754000,115.25,3.0,116.95,1.0,115.22,6.0,116.98,2.0,115.0,5.0,117.0,1.0,114.5,2.0,118.0,1.0,114.0,2.0,119.0,2.0,110.0,1.0,119.5,1.0,100.5,1.0,123.0,2.0,100.0,1.0,124.0,2.0,52.0,1.0,126.0,1.0,48.0,3.0,,
258,Germany_Baseload#19#0#10000106,2021-10-11 06:23:03.381000,115.3,1.0,116.95,1.0,115.25,3.0,116.98,2.0,115.22,6.0,117.0,1.0,115.0,5.0,118.0,1.0,114.5,2.0,119.0,2.0,114.0,2.0,119.5,1.0,110.0,1.0,123.0,2.0,100.5,1.0,124.0,2.0,100.0,1.0,126.0,1.0,52.0,1.0,,
259,Germany_Baseload#19#0#10000106,2021-10-11 06:23:09.400000,115.3,1.0,116.95,1.0,115.25,3.0,116.98,2.0,115.22,6.0,117.0,1.0,115.0,5.0,118.0,1.0,114.0,2.0,119.0,2.0,110.0,1.0,119.5,1.0,100.5,1.0,123.0,2.0,100.0,1.0,124.0,2.0,52.0,1.0,126.0,1.0,48.0,3.0,,
260,Germany_Baseload#19#0#10000106,2021-10-11 06:23:19.248000,115.5,2.0,116.95,1.0,115.3,1.0,116.98,2.0,115.25,3.0,117.0,1.0,115.22,6.0,118.0,1.0,115.0,5.0,119.0,2.0,114.0,2.0,119.5,1.0,110.0,1.0,123.0,2.0,100.5,1.0,124.0,2.0,100.0,1.0,126.0,1.0,52.0,1.0,,
261,Germany_Baseload#19#0#10000106,2021-10-11 06:23:24.437000,115.5,3.0,116.95,1.0,115.25,3.0,116.98,2.0,115.22,6.0,117.0,1.0,115.0,5.0,118.0,1.0,114.0,2.0,119.0,2.0,110.0,1.0,119.5,1.0,100.5,1.0,123.0,2.0,100.0,1.0,124.0,2.0,52.0,1.0,126.0,1.0,48.0,3.0,,
262,Germany_Baseload#19#0#10000106,2021-10-11 06:23:27.779000,115.55,1.0,116.95,1.0,115.5,3.0,116.98,2.0,115.25,3.0,117.0,1.0,115.22,6.0,118.0,1.0,115.0,5.0,119.0,2.0,114.0,2.0,119.5,1.0,110.0,1.0,123.0,2.0,100.5,1.0,124.0,2.0,100.0,1.0,126.0,1.0,52.0,1.0,,
263,Germany_Baseload#19#0#10000106,2021-10-11 06:24:19.138000,115.55,1.0,116.95,1.0,115.5,3.0,116.98,2.0,115.25,3.0,117.0,1.0,115.22,6.0,118.0,1.0,115.0,5.0,119.0,2.0,114.0,2.0,119.5,1.0,110.0,1.0,123.0,2.0,100.5,1.0,124.0,2.0,100.0,1.0,126.0,1.0,52.0,1.0,,
264,Germany_Baseload#19#0#10000106,2021-10-11 06:24:26.388000,116.0,3.0,116.95,1.0,115.55,1.0,116.98,2.0,115.5,3.0,117.0,1.0,115.25,3.0,118.0,1.0,115.22,6.0,119.0,2.0,115.0,5.0,119.5,1.0,114.0,2.0,123.0,2.0,110.0,1.0,124.0,2.0,100.5,1.0,126.0,1.0,100.0,1.0,,
265,Germany_Baseload#19#0#10000106,2021-10-11 06:24:47.397000,116.0,3.0,116.95,1.0,115.55,1.0,116.98,2.0,115.5,3.0,117.0,1.0,115.25,3.0,118.0,1.0,115.22,6.0,119.0,2.0,115.0,5.0,119.5,1.0,114.0,2.0,123.0,2.0,113.0,1.0,124.0,2.0,110.0,1.0,126.0,1.0,100.5,1.0,,
266,Germany_Baseload#19#0#10000106,2021-10-11 06:24:47.398000,116.0,3.0,116.95,1.0,115.55,1.0,116.98,2.0,115.5,3.0,117.0,1.0,115.25,3.0,118.0,1.0,115.22,6.0,119.0,2.0,115.0,5.0,119.5,1.0,114.0,2.0,123.0,2.0,113.0,1.0,124.0,2.0,110.0,1.0,126.0,1.0,100.0,1.0,,
267,Germany_Baseload#19#0#10000106,2021-10-11 06:24:50.060000,116.0,3.0,116.95,1.0,115.55,1.0,116.98,2.0,115.5,3.0,117.0,1.0,115.25,3.0,118.0,1.0,115.22,6.0,119.0,2.0,115.0,1.0,119.5,1.0,114.0,2.0,123.0,2.0,113.0,1.0,124.0,2.0,110.0,1.0,126.0,1.0,100.0,1.0,,
268,Germany_Baseload#19#0#10000106,2021-10-11 06:25:27.435000,116.0,3.0,116.95,1.0,115.55,1.0,116.98,2.0,115.5,3.0,117.0,1.0,115.25,3.0,118.0,1.0,115.22,6.0,119.0,2.0,115.1,5.0,119.5,1.0,115.0,1.0,123.0,2.0,114.0,2.0,124.0,2.0,113.0,1.0,126.0,1.0,110.0,1.0,,
269,Germany_Baseload#19#0#10000106,2021-10-11 06:25:32.762000,116.0,3.0,116.98,2.0,115.55,1.0,117.0,1.0,115.5,3.0,118.0,1.0,115.25,3.0,119.0,2.0,115.22,6.0,119.5,1.0,115.1,5.0,123.0,2.0,115.0,1.0,124.0,2.0,114.0,2.0,126.0,1.0,113.0,1.0,,,110.0,1.0,,
270,Germany_Baseload#19#0#10000106,2021-10-11 06:25:32.805000,116.0,3.0,116.98,1.0,115.55,1.0,117.0,1.0,115.5,3.0,118.0,1.0,115.25,3.0,119.0,2.0,115.22,6.0,119.5,1.0,115.1,5.0,123.0,2.0,115.0,1.0,124.0,2.0,114.0,2.0,126.0,1.0,113.0,1.0,,,110.0,1.0,,
271,Germany_Baseload#19#0#10000106,2021-10-11 06:25:32.809000,116.0,3.0,117.0,1.0,115.55,1.0,118.0,1.0,115.5,3.0,119.0,2.0,115.25,3.0,119.5,1.0,115.22,6.0,123.0,2.0,115.1,5.0,124.0,2.0,115.0,1.0,126.0,1.0,114.0,2.0,,,113.0,1.0,,,110.0,1.0,,
272,Germany_Baseload#19#0#10000106,2021-10-11 06:25:33.908000,116.0,3.0,118.0,1.0,115.55,1.0,119.0,2.0,115.5,3.0,119.5,1.0,115.25,3.0,123.0,2.0,115.22,6.0,124.0,2.0,115.1,5.0,126.0,1.0,115.0,1.0,,,114.0,2.0,,,113.0,1.0,,,110.0,1.0,,
273,Germany_Baseload#19#0#10000106,2021-10-11 06:26:03.247000,116.25,1.0,118.0,1.0,116.0,3.0,119.0,2.0,115.55,1.0,119.5,1.0,115.5,3.0,123.0,2.0,115.25,3.0,124.0,2.0,115.22,6.0,126.0,1.0,115.1,5.0,,,115.0,1.0,,,114.0,2.0,,,113.0,1.0,,
274,Germany_Baseload#19#0#10000106,2021-10-11 06:26:10.127000,116.25,1.0,118.0,1.0,116.0,3.0,119.0,2.0,115.55,1.0,119.5,1.0,115.5,3.0,123.0,2.0,115.25,3.0,124.0,2.0,115.22,6.0,,,115.1,5.0,,,115.0,1.0,,,114.0,2.0,,,113.0,1.0,,
275,Germany_Baseload#19#0#10000106,2021-10-11 06:26:13.966000,116.5,3.0,118.0,1.0,116.25,1.0,119.0,2.0,115.55,1.0,119.5,1.0,115.5,3.0,123.0,2.0,115.25,3.0,124.0,2.0,115.22,6.0,,,115.1,5.0,,,115.0,1.0,,,114.0,2.0,,,113.0,1.0,,
276,Germany_Baseload#19#0#10000106,2021-10-11 06:26:17.184000,116.5,3.0,118.0,1.0,115.55,1.0,119.0,2.0,115.5,3.0,119.5,1.0,115.25,3.0,123.0,2.0,115.22,6.0,124.0,2.0,115.1,5.0,,,115.0,1.0,,,114.0,2.0,,,113.0,1.0,,,110.0,1.0,,
277,Germany_Baseload#19#0#10000106,2021-10-11 06:26:19.481000,116.55,1.0,118.0,1.0,116.5,3.0,119.0,2.0,115.5,3.0,119.5,1.0,115.25,3.0,123.0,2.0,115.22,6.0,124.0,2.0,115.1,5.0,,,115.0,1.0,,,114.0,2.0,,,113.0,1.0,,,110.0,1.0,,
278,Germany_Baseload#19#0#10000106,2021-10-11 06:26:24.012000,116.55,1.0,118.0,1.0,116.5,3.0,119.0,2.0,115.5,3.0,119.5,1.0,115.25,3.0,123.0,2.0,115.22,6.0,124.0,2.0,115.1,5.0,,,115.0,1.0,,,114.0,2.0,,,113.0,1.0,,,110.0,1.0,,
279,Germany_Baseload#19#0#10000106,2021-10-11 06:27:12.744000,117.0,1.0,118.0,1.0,116.55,1.0,119.0,2.0,116.5,3.0,119.5,1.0,115.5,3.0,123.0,2.0,115.25,3.0,124.0,2.0,115.22,6.0,,,115.1,5.0,,,115.0,1.0,,,114.0,2.0,,,113.0,1.0,,
280,Germany_Baseload#19#0#10000106,2021-10-11 06:27:35.228000,117.0,1.0,118.0,1.0,116.55,1.0,119.0,2.0,116.5,3.0,119.5,1.0,115.5,3.0,123.0,2.0,115.25,3.0,124.0,2.0,115.22,6.0,,,115.1,5.0,,,115.0,1.0,,,114.0,2.0,,,110.0,1.0,,
281,Germany_Baseload#19#0#10000106,2021-10-11 06:27:51.769000,117.0,1.0,118.0,1.0,116.55,1.0,119.0,2.0,116.5,3.0,119.5,1.0,115.5,3.0,123.0,2.0,115.25,3.0,124.0,2.0,115.22,6.0,,,115.1,5.0,,,115.0,1.0,,,114.0,1.0,,,110.0,1.0,,
282,Germany_Baseload#19#0#10000106,2021-10-11 06:29:16.408000,117.0,1.0,118.0,1.0,116.55,1.0,119.0,2.0,116.5,3.0,119.5,1.0,115.5,3.0,123.0,2.0,115.25,3.0,124.0,2.0,115.22,6.0,,,115.1,5.0,,,115.0,1.0,,,110.0,1.0,,,100.0,1.0,,
283,Germany_Baseload#19#0#10000106,2021-10-11 06:29:29.970000,117.0,1.0,118.0,1.0,116.55,1.0,118.5,1.0,116.5,3.0,119.0,2.0,115.5,3.0,119.5,1.0,115.25,3.0,123.0,2.0,115.22,6.0,124.0,2.0,115.1,5.0,,,115.0,1.0,,,110.0,1.0,,,100.0,1.0,,
284,Germany_Baseload#19#0#10000106,2021-10-11 06:29:38.308000,117.25,3.0,118.0,1.0,117.0,1.0,118.5,1.0,116.55,1.0,119.0,2.0,115.5,3.0,119.5,1.0,115.25,3.0,123.0,2.0,115.22,6.0,124.0,2.0,115.1,5.0,,,115.0,1.0,,,110.0,1.0,,,100.0,1.0,,
285,Germany_Baseload#19#0#10000106,2021-10-11 06:30:01.964000,117.25,3.0,118.5,1.0,117.0,1.0,119.0,2.0,116.55,1.0,119.5,1.0,115.5,3.0,123.0,2.0,115.25,3.0,124.0,2.0,115.22,6.0,,,115.1,5.0,,,115.0,1.0,,,110.0,1.0,,,100.0,1.0,,
286,Germany_Baseload#19#0#10000106,2021-10-11 06:30:12.230000,117.25,3.0,118.5,3.0,117.0,1.0,119.5,1.0,116.55,1.0,123.0,2.0,115.5,3.0,124.0,2.0,115.25,3.0,,,115.22,6.0,,,115.1,5.0,,,115.0,1.0,,,110.0,1.0,,,100.0,1.0,,
287,Germany_Baseload#19#0#10000106,2021-10-11 06:30:16.676000,117.25,3.0,118.5,3.0,117.0,1.0,119.5,1.0,116.55,1.0,123.0,2.0,115.5,3.0,124.0,2.0,115.25,3.0,,,115.22,6.0,,,115.1,5.0,,,115.0,1.0,,,110.0,1.0,,,100.0,1.0,,
288,Germany_Baseload#19#0#10000106,2021-10-11 06:30:20.464000,117.5,3.0,118.5,3.0,117.0,1.0,119.5,1.0,116.55,1.0,123.0,2.0,115.5,3.0,124.0,2.0,115.25,3.0,,,115.22,6.0,,,115.1,5.0,,,115.0,1.0,,,110.0,1.0,,,100.0,1.0,,
289,Germany_Baseload#19#0#10000106,2021-10-11 06:30:40.604000,117.5,4.0,118.5,3.0,117.0,1.0,119.5,1.0,115.5,3.0,123.0,2.0,115.25,3.0,124.0,2.0,115.22,6.0,,,115.1,5.0,,,115.0,1.0,,,110.0,1.0,,,100.0,1.0,,,52.0,1.0,,
290,Germany_Baseload#19#0#10000106,2021-10-11 06:30:45.831000,117.55,1.0,118.5,3.0,117.5,4.0,119.5,1.0,117.0,1.0,123.0,2.0,115.5,3.0,124.0,2.0,115.25,3.0,,,115.22,6.0,,,115.1,5.0,,,115.0,3.0,,,110.0,1.0,,,100.0,1.0,,
291,Germany_Baseload#19#0#10000106,2021-10-11 06:30:45.925000,117.55,1.0,118.5,2.0,117.5,4.0,119.5,1.0,117.0,1.0,123.0,2.0,115.5,3.0,124.0,2.0,115.25,3.0,,,115.22,6.0,,,115.1,5.0,,,115.0,3.0,,,110.0,1.0,,,100.0,1.0,,
292,Germany_Baseload#19#0#10000106,2021-10-11 06:30:45.940000,117.55,1.0,118.5,1.0,117.5,4.0,119.5,1.0,117.0,1.0,123.0,2.0,115.5,3.0,124.0,2.0,115.25,3.0,,,115.22,6.0,,,115.1,5.0,,,115.0,3.0,,,110.0,1.0,,,100.0,1.0,,
293,Germany_Baseload#19#0#10000106,2021-10-11 06:30:48.705000,117.55,1.0,118.5,2.0,117.5,4.0,119.5,1.0,117.0,1.0,123.0,2.0,115.5,3.0,124.0,2.0,115.25,3.0,,,115.22,6.0,,,115.1,5.0,,,115.0,3.0,,,110.0,1.0,,,100.0,1.0,,
294,Germany_Baseload#19#0#10000106,2021-10-11 06:30:48.719000,117.55,1.0,118.5,1.0,117.5,4.0,119.5,1.0,117.0,1.0,123.0,2.0,115.5,3.0,124.0,2.0,115.25,3.0,,,115.22,6.0,,,115.1,5.0,,,115.0,3.0,,,110.0,1.0,,,100.0,1.0,,
295,Germany_Baseload#19#0#10000106,2021-10-11 06:30:48.823000,117.55,1.0,118.5,2.0,117.5,4.0,119.5,1.0,117.0,1.0,123.0,2.0,115.5,3.0,124.0,2.0,115.25,3.0,,,115.22,6.0,,,115.1,5.0,,,115.0,3.0,,,110.0,1.0,,,100.0,1.0,,
296,Germany_Baseload#19#0#10000106,2021-10-11 06:30:48.842000,117.55,1.0,118.5,1.0,117.5,4.0,119.5,1.0,117.0,1.0,123.0,2.0,115.5,3.0,124.0,2.0,115.25,3.0,,,115.22,6.0,,,115.1,5.0,,,115.0,3.0,,,110.0,1.0,,,100.0,1.0,,
297,Germany_Baseload#19#0#10000106,2021-10-11 06:30:50.356000,117.55,1.0,118.5,2.0,117.5,4.0,119.5,1.0,117.0,1.0,123.0,2.0,115.5,3.0,124.0,2.0,115.25,3.0,,,115.22,6.0,,,115.1,5.0,,,115.0,3.0,,,110.0,1.0,,,100.0,1.0,,
298,Germany_Baseload#19#0#10000106,2021-10-11 06:30:50.371000,117.55,1.0,118.5,1.0,117.5,4.0,119.5,1.0,117.0,1.0,123.0,2.0,115.5,3.0,124.0,2.0,115.25,3.0,,,115.22,6.0,,,115.1,5.0,,,115.0,3.0,,,110.0,1.0,,,100.0,1.0,,
299,Germany_Baseload#19#0#10000106,2021-10-11 06:30:52.213000,117.55,1.0,118.5,2.0,117.5,4.0,119.5,1.0,117.0,1.0,123.0,2.0,115.5,3.0,124.0,2.0,115.25,3.0,,,115.22,6.0,,,115.1,5.0,,,115.0,3.0,,,110.0,1.0,,,100.0,1.0,,
300,Germany_Baseload#19#0#10000106,2021-10-11 06:30:52.227000,117.55,1.0,118.5,1.0,117.5,4.0,119.5,1.0,117.0,1.0,123.0,2.0,115.5,3.0,124.0,2.0,115.25,3.0,,,115.22,6.0,,,115.1,5.0,,,115.0,3.0,,,110.0,1.0,,,100.0,1.0,,
301,Germany_Baseload#19#0#10000106,2021-10-11 06:30:52.386000,117.55,1.0,118.5,1.0,117.5,4.0,119.5,2.0,117.0,1.0,123.0,2.0,115.5,3.0,124.0,2.0,115.25,3.0,,,115.22,6.0,,,115.1,5.0,,,115.0,3.0,,,110.0,1.0,,,100.0,1.0,,
302,Germany_Baseload#19#0#10000106,2021-10-11 06:30:53.698000,117.55,1.0,119.5,2.0,117.5,4.0,123.0,2.0,117.0,1.0,124.0,2.0,115.5,3.0,,,115.25,3.0,,,115.22,6.0,,,115.1,5.0,,,115.0,3.0,,,110.0,1.0,,,100.0,1.0,,
303,Germany_Baseload#19#0#10000106,2021-10-11 06:30:53.712000,117.55,1.0,118.5,1.0,117.5,4.0,119.5,2.0,117.0,1.0,123.0,2.0,115.5,3.0,124.0,2.0,115.25,3.0,,,115.22,6.0,,,115.1,5.0,,,115.0,3.0,,,110.0,1.0,,,100.0,1.0,,
304,Germany_Baseload#19#0#10000106,2021-10-11 06:30:55.094000,117.55,1.0,119.5,2.0,117.5,4.0,123.0,2.0,117.0,1.0,124.0,2.0,115.5,3.0,,,115.25,3.0,,,115.22,6.0,,,115.1,5.0,,,115.0,3.0,,,110.0,1.0,,,100.0,1.0,,
305,Germany_Baseload#19#0#10000106,2021-10-11 06:30:55.109000,117.55,1.0,118.5,1.0,117.5,4.0,119.5,2.0,117.0,1.0,123.0,2.0,115.5,3.0,124.0,2.0,115.25,3.0,,,115.22,6.0,,,115.1,5.0,,,115.0,3.0,,,110.0,1.0,,,100.0,1.0,,
306,Germany_Baseload#19#0#10000106,2021-10-11 06:30:57.608000,117.55,1.0,119.5,2.0,117.5,4.0,123.0,2.0,117.0,1.0,124.0,2.0,115.5,3.0,,,115.25,3.0,,,115.22,6.0,,,115.1,5.0,,,115.0,3.0,,,110.0,1.0,,,100.0,1.0,,
307,Germany_Baseload#19#0#10000106,2021-10-11 06:30:57.623000,117.55,1.0,118.5,1.0,117.5,4.0,119.5,2.0,117.0,1.0,123.0,2.0,115.5,3.0,124.0,2.0,115.25,3.0,,,115.22,6.0,,,115.1,5.0,,,115.0,3.0,,,110.0,1.0,,,100.0,1.0,,
308,Germany_Baseload#19#0#10000106,2021-10-11 06:31:01.699000,117.55,1.0,119.5,2.0,117.5,4.0,123.0,2.0,117.0,1.0,124.0,2.0,115.5,3.0,,,115.25,3.0,,,115.22,6.0,,,115.1,5.0,,,115.0,3.0,,,110.0,1.0,,,100.0,1.0,,
309,Germany_Baseload#19#0#10000106,2021-10-11 06:31:08.083000,117.55,1.0,119.5,1.0,117.5,4.0,123.0,2.0,117.0,1.0,124.0,2.0,115.5,3.0,,,115.25,3.0,,,115.22,6.0,,,115.1,5.0,,,115.0,3.0,,,110.0,1.0,,,100.0,1.0,,
310,Germany_Baseload#19#0#10000106,2021-10-11 06:31:12.573000,118.0,3.0,119.5,1.0,117.55,1.0,123.0,2.0,117.5,1.0,124.0,2.0,117.0,1.0,,,115.5,3.0,,,115.25,3.0,,,115.22,6.0,,,115.1,5.0,,,115.0,3.0,,,110.0,1.0,,
311,Germany_Baseload#19#0#10000106,2021-10-11 06:31:13.948000,118.0,3.0,123.0,2.0,117.55,1.0,124.0,2.0,117.5,1.0,,,117.0,1.0,,,115.5,3.0,,,115.25,3.0,,,115.22,6.0,,,115.1,5.0,,,115.0,3.0,,,110.0,1.0,,
312,Germany_Baseload#19#0#10000106,2021-10-11 06:31:17.205000,118.0,3.0,123.0,3.0,117.55,1.0,124.0,2.0,117.5,1.0,,,117.0,1.0,,,115.5,3.0,,,115.25,3.0,,,115.22,6.0,,,115.1,5.0,,,115.0,3.0,,,110.0,1.0,,
313,Germany_Baseload#19#0#10000106,2021-10-11 06:31:23.307000,118.5,1.0,123.0,3.0,118.0,3.0,124.0,2.0,117.55,1.0,,,117.0,1.0,,,115.5,3.0,,,115.25,3.0,,,115.22,6.0,,,115.1,5.0,,,115.0,3.0,,,110.0,1.0,,
314,Germany_Baseload#19#0#10000106,2021-10-11 06:31:37.786000,118.5,1.0,123.0,3.0,118.0,3.0,124.0,2.0,117.0,1.0,,,115.5,3.0,,,115.25,3.0,,,115.22,6.0,,,115.1,5.0,,,115.0,4.0,,,110.0,1.0,,,100.0,1.0,,
315,Germany_Baseload#19#0#10000106,2021-10-11 06:31:59.471000,118.5,1.0,120.0,1.0,118.0,3.0,123.0,3.0,117.0,1.0,124.0,2.0,115.5,3.0,,,115.25,3.0,,,115.22,6.0,,,115.1,5.0,,,115.0,4.0,,,110.0,1.0,,,100.0,1.0,,
316,Germany_Baseload#19#0#10000106,2021-10-11 06:32:00.797000,118.5,1.0,120.0,1.0,118.0,3.0,123.0,2.0,117.0,1.0,124.0,2.0,115.5,3.0,,,115.25,3.0,,,115.22,6.0,,,115.1,5.0,,,115.0,4.0,,,110.0,1.0,,,100.0,1.0,,
317,Germany_Baseload#19#0#10000106,2021-10-11 06:32:24.172000,118.5,2.0,120.0,1.0,118.0,3.0,123.0,2.0,117.0,1.0,124.0,2.0,115.5,3.0,,,115.25,3.0,,,115.22,6.0,,,115.1,5.0,,,115.0,4.0,,,110.0,1.0,,,100.0,1.0,,
318,Germany_Baseload#19#0#10000106,2021-10-11 06:32:54.885000,118.75,1.0,120.0,1.0,118.5,2.0,123.0,2.0,118.0,3.0,124.0,2.0,117.0,1.0,,,115.5,3.0,,,115.25,3.0,,,115.22,6.0,,,115.1,5.0,,,115.0,4.0,,,110.0,1.0,,
319,Germany_Baseload#19#0#10000106,2021-10-11 06:33:08.072000,119.0,1.0,120.0,1.0,118.5,2.0,123.0,2.0,118.0,3.0,124.0,2.0,117.0,1.0,,,115.5,3.0,,,115.25,3.0,,,115.22,6.0,,,115.1,5.0,,,115.0,4.0,,,110.0,1.0,,
320,Germany_Baseload#19#0#10000106,2021-10-11 06:33:17.275000,119.0,2.0,120.0,1.0,118.5,1.0,123.0,2.0,118.0,3.0,124.0,2.0,117.0,1.0,,,115.5,3.0,,,115.25,3.0,,,115.22,6.0,,,115.1,5.0,,,115.0,4.0,,,110.0,1.0,,
321,Germany_Baseload#19#0#10000106,2021-10-11 06:33:21.445000,119.0,2.0,120.0,1.0,118.51,1.0,123.0,2.0,118.5,1.0,124.0,2.0,118.0,3.0,,,117.0,1.0,,,115.5,3.0,,,115.25,3.0,,,115.22,6.0,,,115.1,5.0,,,115.0,4.0,,
322,Germany_Baseload#19#0#10000106,2021-10-11 06:33:21.536000,119.0,2.0,120.0,1.0,118.52,1.0,123.0,2.0,118.5,1.0,124.0,2.0,118.0,3.0,,,117.0,1.0,,,115.5,3.0,,,115.25,3.0,,,115.22,6.0,,,115.1,5.0,,,115.0,4.0,,
323,Germany_Baseload#19#0#10000106,2021-10-11 06:33:21.742000,119.0,2.0,120.0,1.0,118.53,1.0,123.0,2.0,118.5,1.0,124.0,2.0,118.0,3.0,,,117.0,1.0,,,115.5,3.0,,,115.25,3.0,,,115.22,6.0,,,115.1,5.0,,,115.0,4.0,,
324,Germany_Baseload#19#0#10000106,2021-10-11 06:33:21.936000,119.0,2.0,120.0,1.0,118.54,1.0,123.0,2.0,118.5,1.0,124.0,2.0,118.0,3.0,,,117.0,1.0,,,115.5,3.0,,,115.25,3.0,,,115.22,6.0,,,115.1,5.0,,,115.0,4.0,,
325,Germany_Baseload#19#0#10000106,2021-10-11 06:33:22.134000,119.0,2.0,120.0,1.0,118.55,1.0,123.0,2.0,118.5,1.0,124.0,2.0,118.0,3.0,,,117.0,1.0,,,115.5,3.0,,,115.25,3.0,,,115.22,6.0,,,115.1,5.0,,,115.0,4.0,,
326,Germany_Baseload#19#0#10000106,2021-10-11 06:33:22.337000,119.0,2.0,120.0,1.0,118.56,1.0,123.0,2.0,118.5,1.0,124.0,2.0,118.0,3.0,,,117.0,1.0,,,115.5,3.0,,,115.25,3.0,,,115.22,6.0,,,115.1,5.0,,,115.0,4.0,,
327,Germany_Baseload#19#0#10000106,2021-10-11 06:33:22.534000,119.0,2.0,120.0,1.0,118.57,1.0,123.0,2.0,118.5,1.0,124.0,2.0,118.0,3.0,,,117.0,1.0,,,115.5,3.0,,,115.25,3.0,,,115.22,6.0,,,115.1,5.0,,,115.0,4.0,,
328,Germany_Baseload#19#0#10000106,2021-10-11 06:33:22.735000,119.0,2.0,120.0,1.0,118.58,1.0,123.0,2.0,118.5,1.0,124.0,2.0,118.0,3.0,,,117.0,1.0,,,115.5,3.0,,,115.25,3.0,,,115.22,6.0,,,115.1,5.0,,,115.0,4.0,,
329,Germany_Baseload#19#0#10000106,2021-10-11 06:33:22.937000,119.0,2.0,120.0,1.0,118.59,1.0,123.0,2.0,118.5,1.0,124.0,2.0,118.0,3.0,,,117.0,1.0,,,115.5,3.0,,,115.25,3.0,,,115.22,6.0,,,115.1,5.0,,,115.0,4.0,,
330,Germany_Baseload#19#0#10000106,2021-10-11 06:33:23.140000,119.0,2.0,120.0,1.0,118.6,1.0,123.0,2.0,118.5,1.0,124.0,2.0,118.0,3.0,,,117.0,1.0,,,115.5,3.0,,,115.25,3.0,,,115.22,6.0,,,115.1,5.0,,,115.0,4.0,,
331,Germany_Baseload#19#0#10000106,2021-10-11 06:33:23.339000,119.0,2.0,120.0,1.0,118.61,1.0,123.0,2.0,118.5,1.0,124.0,2.0,118.0,3.0,,,117.0,1.0,,,115.5,3.0,,,115.25,3.0,,,115.22,6.0,,,115.1,5.0,,,115.0,4.0,,
332,Germany_Baseload#19#0#10000106,2021-10-11 06:33:23.535000,119.0,2.0,120.0,1.0,118.62,1.0,123.0,2.0,118.5,1.0,124.0,2.0,118.0,3.0,,,117.0,1.0,,,115.5,3.0,,,115.25,3.0,,,115.22,6.0,,,115.1,5.0,,,115.0,4.0,,
333,Germany_Baseload#19#0#10000106,2021-10-11 06:33:23.741000,119.0,2.0,120.0,1.0,118.63,1.0,123.0,2.0,118.5,1.0,124.0,2.0,118.0,3.0,,,117.0,1.0,,,115.5,3.0,,,115.25,3.0,,,115.22,6.0,,,115.1,5.0,,,115.0,4.0,,
334,Germany_Baseload#19#0#10000106,2021-10-11 06:33:23.937000,119.0,2.0,120.0,1.0,118.64,1.0,123.0,2.0,118.5,1.0,124.0,2.0,118.0,3.0,,,117.0,1.0,,,115.5,3.0,,,115.25,3.0,,,115.22,6.0,,,115.1,5.0,,,115.0,4.0,,
335,Germany_Baseload#19#0#10000106,2021-10-11 06:33:24.140000,119.0,2.0,120.0,1.0,118.65,1.0,123.0,2.0,118.5,1.0,124.0,2.0,118.0,3.0,,,117.0,1.0,,,115.5,3.0,,,115.25,3.0,,,115.22,6.0,,,115.1,5.0,,,115.0,4.0,,
336,Germany_Baseload#19#0#10000106,2021-10-11 06:33:24.337000,119.0,2.0,120.0,1.0,118.66,1.0,123.0,2.0,118.5,1.0,124.0,2.0,118.0,3.0,,,117.0,1.0,,,115.5,3.0,,,115.25,3.0,,,115.22,6.0,,,115.1,5.0,,,115.0,4.0,,
337,Germany_Baseload#19#0#10000106,2021-10-11 06:33:24.537000,119.0,2.0,120.0,1.0,118.67,1.0,123.0,2.0,118.5,1.0,124.0,2.0,118.0,3.0,,,117.0,1.0,,,115.5,3.0,,,115.25,3.0,,,115.22,6.0,,,115.1,5.0,,,115.0,4.0,,
338,Germany_Baseload#19#0#10000106,2021-10-11 06:33:24.745000,119.0,2.0,120.0,1.0,118.68,1.0,123.0,2.0,118.5,1.0,124.0,2.0,118.0,3.0,,,117.0,1.0,,,115.5,3.0,,,115.25,3.0,,,115.22,6.0,,,115.1,5.0,,,115.0,4.0,,
339,Germany_Baseload#19#0#10000106,2021-10-11 06:33:24.946000,119.0,2.0,120.0,1.0,118.69,1.0,123.0,2.0,118.5,1.0,124.0,2.0,118.0,3.0,,,117.0,1.0,,,115.5,3.0,,,115.25,3.0,,,115.22,6.0,,,115.1,5.0,,,115.0,4.0,,
340,Germany_Baseload#19#0#10000106,2021-10-11 06:33:25.144000,119.0,2.0,120.0,1.0,118.7,1.0,123.0,2.0,118.5,1.0,124.0,2.0,118.0,3.0,,,117.0,1.0,,,115.5,3.0,,,115.25,3.0,,,115.22,6.0,,,115.1,5.0,,,115.0,4.0,,
341,Germany_Baseload#19#0#10000106,2021-10-11 06:33:25.336000,119.0,2.0,120.0,1.0,118.71,1.0,123.0,2.0,118.5,1.0,124.0,2.0,118.0,3.0,,,117.0,1.0,,,115.5,3.0,,,115.25,3.0,,,115.22,6.0,,,115.1,5.0,,,115.0,4.0,,
342,Germany_Baseload#19#0#10000106,2021-10-11 06:33:25.552000,119.0,2.0,120.0,1.0,118.72,1.0,123.0,2.0,118.5,1.0,124.0,2.0,118.0,3.0,,,117.0,1.0,,,115.5,3.0,,,115.25,3.0,,,115.22,6.0,,,115.1,5.0,,,115.0,4.0,,
343,Germany_Baseload#19#0#10000106,2021-10-11 06:33:25.735000,119.0,2.0,120.0,1.0,118.73,1.0,123.0,2.0,118.72,1.0,124.0,2.0,118.5,1.0,,,118.0,3.0,,,117.0,1.0,,,115.5,3.0,,,115.25,3.0,,,115.22,6.0,,,115.1,5.0,,
344,Germany_Baseload#19#0#10000106,2021-10-11 06:33:25.736000,119.0,2.0,120.0,1.0,118.73,1.0,123.0,2.0,118.5,1.0,124.0,2.0,118.0,3.0,,,117.0,1.0,,,115.5,3.0,,,115.25,3.0,,,115.22,6.0,,,115.1,5.0,,,115.0,4.0,,
345,Germany_Baseload#19#0#10000106,2021-10-11 06:33:25.940000,119.0,2.0,120.0,1.0,118.74,1.0,123.0,2.0,118.5,1.0,124.0,2.0,118.0,3.0,,,117.0,1.0,,,115.5,3.0,,,115.25,3.0,,,115.22,6.0,,,115.1,5.0,,,115.0,4.0,,
346,Germany_Baseload#19#0#10000106,2021-10-11 06:33:26.136000,119.0,2.0,120.0,1.0,118.75,1.0,123.0,2.0,118.5,1.0,124.0,2.0,118.0,3.0,,,117.0,1.0,,,115.5,3.0,,,115.25,3.0,,,115.22,6.0,,,115.1,5.0,,,115.0,4.0,,
347,Germany_Baseload#19#0#10000106,2021-10-11 06:33:26.352000,119.0,2.0,120.0,1.0,118.76,1.0,123.0,2.0,118.75,1.0,124.0,2.0,118.5,1.0,,,118.0,3.0,,,117.0,1.0,,,115.5,3.0,,,115.25,3.0,,,115.22,6.0,,,115.1,5.0,,
348,Germany_Baseload#19#0#10000106,2021-10-11 06:33:26.353000,119.0,2.0,120.0,1.0,118.76,1.0,123.0,2.0,118.5,1.0,124.0,2.0,118.0,3.0,,,117.0,1.0,,,115.5,3.0,,,115.25,3.0,,,115.22,6.0,,,115.1,5.0,,,115.0,4.0,,
349,Germany_Baseload#19#0#10000106,2021-10-11 06:33:26.536000,119.0,2.0,120.0,1.0,118.77,1.0,123.0,2.0,118.5,1.0,124.0,2.0,118.0,3.0,,,117.0,1.0,,,115.5,3.0,,,115.25,3.0,,,115.22,6.0,,,115.1,5.0,,,115.0,4.0,,
350,Germany_Baseload#19#0#10000106,2021-10-11 06:33:26.736000,119.0,2.0,120.0,1.0,118.78,1.0,123.0,2.0,118.77,1.0,124.0,2.0,118.5,1.0,,,118.0,3.0,,,117.0,1.0,,,115.5,3.0,,,115.25,3.0,,,115.22,6.0,,,115.1,5.0,,
351,Germany_Baseload#19#0#10000106,2021-10-11 06:33:26.737000,119.0,2.0,120.0,1.0,118.78,1.0,123.0,2.0,118.5,1.0,124.0,2.0,118.0,3.0,,,117.0,1.0,,,115.5,3.0,,,115.25,3.0,,,115.22,6.0,,,115.1,5.0,,,115.0,4.0,,
352,Germany_Baseload#19#0#10000106,2021-10-11 06:33:26.941000,119.0,2.0,120.0,1.0,118.79,1.0,123.0,2.0,118.5,1.0,124.0,2.0,118.0,3.0,,,117.0,1.0,,,115.5,3.0,,,115.25,3.0,,,115.22,6.0,,,115.1,5.0,,,115.0,4.0,,
353,Germany_Baseload#19#0#10000106,2021-10-11 06:33:27.137000,119.0,2.0,120.0,1.0,118.8,1.0,123.0,2.0,118.5,1.0,124.0,2.0,118.0,3.0,,,117.0,1.0,,,115.5,3.0,,,115.25,3.0,,,115.22,6.0,,,115.1,5.0,,,115.0,4.0,,
354,Germany_Baseload#19#0#10000106,2021-10-11 06:33:27.346000,119.0,2.0,120.0,1.0,118.81,1.0,123.0,2.0,118.5,1.0,124.0,2.0,118.0,3.0,,,117.0,1.0,,,115.5,3.0,,,115.25,3.0,,,115.22,6.0,,,115.1,5.0,,,115.0,4.0,,
355,Germany_Baseload#19#0#10000106,2021-10-11 06:33:27.536000,119.0,2.0,120.0,1.0,118.82,1.0,123.0,2.0,118.5,1.0,124.0,2.0,118.0,3.0,,,117.0,1.0,,,115.5,3.0,,,115.25,3.0,,,115.22,6.0,,,115.1,5.0,,,115.0,4.0,,
356,Germany_Baseload#19#0#10000106,2021-10-11 06:33:27.745000,119.0,2.0,120.0,1.0,118.83,1.0,123.0,2.0,118.5,1.0,124.0,2.0,118.0,3.0,,,117.0,1.0,,,115.5,3.0,,,115.25,3.0,,,115.22,6.0,,,115.1,5.0,,,115.0,4.0,,
357,Germany_Baseload#19#0#10000106,2021-10-11 06:33:27.935000,119.0,2.0,120.0,1.0,118.84,1.0,123.0,2.0,118.83,1.0,124.0,2.0,118.5,1.0,,,118.0,3.0,,,117.0,1.0,,,115.5,3.0,,,115.25,3.0,,,115.22,6.0,,,115.1,5.0,,
358,Germany_Baseload#19#0#10000106,2021-10-11 06:33:27.936000,119.0,2.0,120.0,1.0,118.84,1.0,123.0,2.0,118.5,1.0,124.0,2.0,118.0,3.0,,,117.0,1.0,,,115.5,3.0,,,115.25,3.0,,,115.22,6.0,,,115.1,5.0,,,115.0,4.0,,
359,Germany_Baseload#19#0#10000106,2021-10-11 06:33:28.141000,119.0,2.0,120.0,1.0,118.85,1.0,123.0,2.0,118.5,1.0,124.0,2.0,118.0,3.0,,,117.0,1.0,,,115.5,3.0,,,115.25,3.0,,,115.22,6.0,,,115.1,5.0,,,115.0,4.0,,
360,Germany_Baseload#19#0#10000106,2021-10-11 06:33:28.344000,119.0,2.0,120.0,1.0,118.86,1.0,123.0,2.0,118.5,1.0,124.0,2.0,118.0,3.0,,,117.0,1.0,,,115.5,3.0,,,115.25,3.0,,,115.22,6.0,,,115.1,5.0,,,115.0,4.0,,
361,Germany_Baseload#19#0#10000106,2021-10-11 06:33:28.545000,119.0,2.0,120.0,1.0,118.87,1.0,123.0,2.0,118.5,1.0,124.0,2.0,118.0,3.0,,,117.0,1.0,,,115.5,3.0,,,115.25,3.0,,,115.22,6.0,,,115.1,5.0,,,115.0,4.0,,
362,Germany_Baseload#19#0#10000106,2021-10-11 06:33:28.739000,119.0,2.0,120.0,1.0,118.88,1.0,123.0,2.0,118.5,1.0,124.0,2.0,118.0,3.0,,,117.0,1.0,,,115.5,3.0,,,115.25,3.0,,,115.22,6.0,,,115.1,5.0,,,115.0,4.0,,
363,Germany_Baseload#19#0#10000106,2021-10-11 06:33:28.939000,119.0,2.0,120.0,1.0,118.89,1.0,123.0,2.0,118.5,1.0,124.0,2.0,118.0,3.0,,,117.0,1.0,,,115.5,3.0,,,115.25,3.0,,,115.22,6.0,,,115.1,5.0,,,115.0,4.0,,
364,Germany_Baseload#19#0#10000106,2021-10-11 06:33:29.139000,119.0,2.0,120.0,1.0,118.9,1.0,123.0,2.0,118.89,1.0,124.0,2.0,118.5,1.0,,,118.0,3.0,,,117.0,1.0,,,115.5,3.0,,,115.25,3.0,,,115.22,6.0,,,115.1,5.0,,
365,Germany_Baseload#19#0#10000106,2021-10-11 06:33:29.140000,119.0,2.0,120.0,1.0,118.9,1.0,123.0,2.0,118.5,1.0,124.0,2.0,118.0,3.0,,,117.0,1.0,,,115.5,3.0,,,115.25,3.0,,,115.22,6.0,,,115.1,5.0,,,115.0,4.0,,
366,Germany_Baseload#19#0#10000106,2021-10-11 06:33:29.345000,119.0,2.0,120.0,1.0,118.91,1.0,123.0,2.0,118.5,1.0,124.0,2.0,118.0,3.0,,,117.0,1.0,,,115.5,3.0,,,115.25,3.0,,,115.22,6.0,,,115.1,5.0,,,115.0,4.0,,
367,Germany_Baseload#19#0#10000106,2021-10-11 06:33:29.546000,119.0,2.0,120.0,1.0,118.92,1.0,123.0,2.0,118.5,1.0,124.0,2.0,118.0,3.0,,,117.0,1.0,,,115.5,3.0,,,115.25,3.0,,,115.22,6.0,,,115.1,5.0,,,115.0,4.0,,
368,Germany_Baseload#19#0#10000106,2021-10-11 06:33:29.748000,119.0,2.0,120.0,1.0,118.93,1.0,123.0,2.0,118.5,1.0,124.0,2.0,118.0,3.0,,,117.0,1.0,,,115.5,3.0,,,115.25,3.0,,,115.22,6.0,,,115.1,5.0,,,115.0,4.0,,
369,Germany_Baseload#19#0#10000106,2021-10-11 06:33:29.940000,119.0,2.0,120.0,1.0,118.94,1.0,123.0,2.0,118.5,1.0,124.0,2.0,118.0,3.0,,,117.0,1.0,,,115.5,3.0,,,115.25,3.0,,,115.22,6.0,,,115.1,5.0,,,115.0,4.0,,
370,Germany_Baseload#19#0#10000106,2021-10-11 06:33:30.136000,119.0,2.0,120.0,1.0,118.95,1.0,123.0,2.0,118.5,1.0,124.0,2.0,118.0,3.0,,,117.0,1.0,,,115.5,3.0,,,115.25,3.0,,,115.22,6.0,,,115.1,5.0,,,115.0,4.0,,
371,Germany_Baseload#19#0#10000106,2021-10-11 06:33:30.337000,119.0,2.0,120.0,1.0,118.96,1.0,123.0,2.0,118.5,1.0,124.0,2.0,118.0,3.0,,,117.0,1.0,,,115.5,3.0,,,115.25,3.0,,,115.22,6.0,,,115.1,5.0,,,115.0,4.0,,
372,Germany_Baseload#19#0#10000106,2021-10-11 06:33:30.546000,119.0,2.0,120.0,1.0,118.97,1.0,123.0,2.0,118.5,1.0,124.0,2.0,118.0,3.0,,,117.0,1.0,,,115.5,3.0,,,115.25,3.0,,,115.22,6.0,,,115.1,5.0,,,115.0,4.0,,
373,Germany_Baseload#19#0#10000106,2021-10-11 06:33:30.747000,119.0,2.0,120.0,1.0,118.98,1.0,123.0,2.0,118.97,1.0,124.0,2.0,118.5,1.0,,,118.0,3.0,,,117.0,1.0,,,115.5,3.0,,,115.25,3.0,,,115.22,6.0,,,115.1,5.0,,
374,Germany_Baseload#19#0#10000106,2021-10-11 06:33:30.748000,119.0,2.0,120.0,1.0,118.98,1.0,123.0,2.0,118.5,1.0,124.0,2.0,118.0,3.0,,,117.0,1.0,,,115.5,3.0,,,115.25,3.0,,,115.22,6.0,,,115.1,5.0,,,115.0,4.0,,
375,Germany_Baseload#19#0#10000106,2021-10-11 06:33:30.936000,119.0,2.0,120.0,1.0,118.99,1.0,123.0,2.0,118.5,1.0,124.0,2.0,118.0,3.0,,,117.0,1.0,,,115.5,3.0,,,115.25,3.0,,,115.22,6.0,,,115.1,5.0,,,115.0,4.0,,
376,Germany_Baseload#19#0#10000106,2021-10-11 06:33:31.136000,119.0,3.0,120.0,1.0,118.5,1.0,123.0,2.0,118.0,3.0,124.0,2.0,117.0,1.0,,,115.5,3.0,,,115.25,3.0,,,115.22,6.0,,,115.1,5.0,,,115.0,4.0,,,110.0,1.0,,
377,Germany_Baseload#19#0#10000106,2021-10-11 06:33:31.338000,119.01,1.0,120.0,1.0,119.0,3.0,123.0,2.0,118.5,1.0,124.0,2.0,118.0,3.0,,,117.0,1.0,,,115.5,3.0,,,115.25,3.0,,,115.22,6.0,,,115.1,5.0,,,115.0,4.0,,
378,Germany_Baseload#19#0#10000106,2021-10-11 06:33:31.339000,119.01,1.0,120.0,1.0,119.0,2.0,123.0,2.0,118.5,1.0,124.0,2.0,118.0,3.0,,,117.0,1.0,,,115.5,3.0,,,115.25,3.0,,,115.22,6.0,,,115.1,5.0,,,115.0,4.0,,
379,Germany_Baseload#19#0#10000106,2021-10-11 06:33:31.544000,119.02,1.0,120.0,1.0,119.0,2.0,123.0,2.0,118.5,1.0,124.0,2.0,118.0,3.0,,,117.0,1.0,,,115.5,3.0,,,115.25,3.0,,,115.22,6.0,,,115.1,5.0,,,115.0,4.0,,
380,Germany_Baseload#19#0#10000106,2021-10-11 06:33:31.742000,119.03,1.0,120.0,1.0,119.0,2.0,123.0,2.0,118.5,1.0,124.0,2.0,118.0,3.0,,,117.0,1.0,,,115.5,3.0,,,115.25,3.0,,,115.22,6.0,,,115.1,5.0,,,115.0,4.0,,
381,Germany_Baseload#19#0#10000106,2021-10-11 06:33:31.934000,119.04,1.0,120.0,1.0,119.0,2.0,123.0,2.0,118.5,1.0,124.0,2.0,118.0,3.0,,,117.0,1.0,,,115.5,3.0,,,115.25,3.0,,,115.22,6.0,,,115.1,5.0,,,115.0,4.0,,
382,Germany_Baseload#19#0#10000106,2021-10-11 06:33:32.135000,119.05,1.0,120.0,1.0,119.0,2.0,123.0,2.0,118.5,1.0,124.0,2.0,118.0,3.0,,,117.0,1.0,,,115.5,3.0,,,115.25,3.0,,,115.22,6.0,,,115.1,5.0,,,115.0,4.0,,
383,Germany_Baseload#19#0#10000106,2021-10-11 06:33:32.337000,119.06,1.0,120.0,1.0,119.0,2.0,123.0,2.0,118.5,1.0,124.0,2.0,118.0,3.0,,,117.0,1.0,,,115.5,3.0,,,115.25,3.0,,,115.22,6.0,,,115.1,5.0,,,115.0,4.0,,
384,Germany_Baseload#19#0#10000106,2021-10-11 06:33:32.537000,119.07,1.0,120.0,1.0,119.06,1.0,123.0,2.0,119.0,2.0,124.0,2.0,118.5,1.0,,,118.0,3.0,,,117.0,1.0,,,115.5,3.0,,,115.25,3.0,,,115.22,6.0,,,115.1,5.0,,
385,Germany_Baseload#19#0#10000106,2021-10-11 06:33:32.538000,119.07,1.0,120.0,1.0,119.0,2.0,123.0,2.0,118.5,1.0,124.0,2.0,118.0,3.0,,,117.0,1.0,,,115.5,3.0,,,115.25,3.0,,,115.22,6.0,,,115.1,5.0,,,115.0,4.0,,
386,Germany_Baseload#19#0#10000106,2021-10-11 06:33:32.736000,119.08,1.0,120.0,1.0,119.0,2.0,123.0,2.0,118.5,1.0,124.0,2.0,118.0,3.0,,,117.0,1.0,,,115.5,3.0,,,115.25,3.0,,,115.22,6.0,,,115.1,5.0,,,115.0,4.0,,
387,Germany_Baseload#19#0#10000106,2021-10-11 06:33:32.936000,119.09,1.0,120.0,1.0,119.0,2.0,123.0,2.0,118.5,1.0,124.0,2.0,118.0,3.0,,,117.0,1.0,,,115.5,3.0,,,115.25,3.0,,,115.22,6.0,,,115.1,5.0,,,115.0,4.0,,
388,Germany_Baseload#19#0#10000106,2021-10-11 06:33:33.146000,119.1,1.0,120.0,1.0,119.0,2.0,123.0,2.0,118.5,1.0,124.0,2.0,118.0,3.0,,,117.0,1.0,,,115.5,3.0,,,115.25,3.0,,,115.22,6.0,,,115.1,5.0,,,115.0,4.0,,
389,Germany_Baseload#19#0#10000106,2021-10-11 06:33:33.344000,119.11,1.0,120.0,1.0,119.0,2.0,123.0,2.0,118.5,1.0,124.0,2.0,118.0,3.0,,,117.0,1.0,,,115.5,3.0,,,115.25,3.0,,,115.22,6.0,,,115.1,5.0,,,115.0,4.0,,
390,Germany_Baseload#19#0#10000106,2021-10-11 06:33:33.535000,119.12,1.0,120.0,1.0,119.0,2.0,123.0,2.0,118.5,1.0,124.0,2.0,118.0,3.0,,,117.0,1.0,,,115.5,3.0,,,115.25,3.0,,,115.22,6.0,,,115.1,5.0,,,115.0,4.0,,
391,Germany_Baseload#19#0#10000106,2021-10-11 06:33:33.735000,119.13,1.0,120.0,1.0,119.0,2.0,123.0,2.0,118.5,1.0,124.0,2.0,118.0,3.0,,,117.0,1.0,,,115.5,3.0,,,115.25,3.0,,,115.22,6.0,,,115.1,5.0,,,115.0,4.0,,
392,Germany_Baseload#19#0#10000106,2021-10-11 06:33:33.935000,119.14,1.0,120.0,1.0,119.0,2.0,123.0,2.0,118.5,1.0,124.0,2.0,118.0,3.0,,,117.0,1.0,,,115.5,3.0,,,115.25,3.0,,,115.22,6.0,,,115.1,5.0,,,115.0,4.0,,
393,Germany_Baseload#19#0#10000106,2021-10-11 06:33:34.137000,119.15,1.0,120.0,1.0,119.0,2.0,123.0,2.0,118.5,1.0,124.0,2.0,118.0,3.0,,,117.0,1.0,,,115.5,3.0,,,115.25,3.0,,,115.22,6.0,,,115.1,5.0,,,115.0,4.0,,
394,Germany_Baseload#19#0#10000106,2021-10-11 06:33:34.340000,119.16,1.0,120.0,1.0,119.0,2.0,123.0,2.0,118.5,1.0,124.0,2.0,118.0,3.0,,,117.0,1.0,,,115.5,3.0,,,115.25,3.0,,,115.22,6.0,,,115.1,5.0,,,115.0,4.0,,
395,Germany_Baseload#19#0#10000106,2021-10-11 06:33:34.538000,119.17,1.0,120.0,1.0,119.0,2.0,123.0,2.0,118.5,1.0,124.0,2.0,118.0,3.0,,,117.0,1.0,,,115.5,3.0,,,115.25,3.0,,,115.22,6.0,,,115.1,5.0,,,115.0,4.0,,
396,Germany_Baseload#19#0#10000106,2021-10-11 06:33:34.740000,119.18,1.0,120.0,1.0,119.0,2.0,123.0,2.0,118.5,1.0,124.0,2.0,118.0,3.0,,,117.0,1.0,,,115.5,3.0,,,115.25,3.0,,,115.22,6.0,,,115.1,5.0,,,115.0,4.0,,
397,Germany_Baseload#19#0#10000106,2021-10-11 06:33:34.936000,119.19,1.0,120.0,1.0,119.0,2.0,123.0,2.0,118.5,1.0,124.0,2.0,118.0,3.0,,,117.0,1.0,,,115.5,3.0,,,115.25,3.0,,,115.22,6.0,,,115.1,5.0,,,115.0,4.0,,
398,Germany_Baseload#19#0#10000106,2021-10-11 06:33:35.145000,119.2,1.0,120.0,1.0,119.0,2.0,123.0,2.0,118.5,1.0,124.0,2.0,118.0,3.0,,,117.0,1.0,,,115.5,3.0,,,115.25,3.0,,,115.22,6.0,,,115.1,5.0,,,115.0,4.0,,
399,Germany_Baseload#19#0#10000106,2021-10-11 06:33:35.336000,119.21,1.0,120.0,1.0,119.0,2.0,123.0,2.0,118.5,1.0,124.0,2.0,118.0,3.0,,,117.0,1.0,,,115.5,3.0,,,115.25,3.0,,,115.22,6.0,,,115.1,5.0,,,115.0,4.0,,
400,Germany_Baseload#19#0#10000106,2021-10-11 06:33:35.546000,119.22,1.0,120.0,1.0,119.0,2.0,123.0,2.0,118.5,1.0,124.0,2.0,118.0,3.0,,,117.0,1.0,,,115.5,3.0,,,115.25,3.0,,,115.22,6.0,,,115.1,5.0,,,115.0,4.0,,
401,Germany_Baseload#19#0#10000106,2021-10-11 06:33:35.737000,119.23,1.0,120.0,1.0,119.0,2.0,123.0,2.0,118.5,1.0,124.0,2.0,118.0,3.0,,,117.0,1.0,,,115.5,3.0,,,115.25,3.0,,,115.22,6.0,,,115.1,5.0,,,115.0,4.0,,
402,Germany_Baseload#19#0#10000106,2021-10-11 06:33:35.944000,119.24,1.0,120.0,1.0,119.0,2.0,123.0,2.0,118.5,1.0,124.0,2.0,118.0,3.0,,,117.0,1.0,,,115.5,3.0,,,115.25,3.0,,,115.22,6.0,,,115.1,5.0,,,115.0,4.0,,
403,Germany_Baseload#19#0#10000106,2021-10-11 06:33:36.136000,119.25,1.0,120.0,1.0,119.0,2.0,123.0,2.0,118.5,1.0,124.0,2.0,118.0,3.0,,,117.0,1.0,,,115.5,3.0,,,115.25,3.0,,,115.22,6.0,,,115.1,5.0,,,115.0,4.0,,
404,Germany_Baseload#19#0#10000106,2021-10-11 06:33:36.338000,119.26,1.0,120.0,1.0,119.0,2.0,123.0,2.0,118.5,1.0,124.0,2.0,118.0,3.0,,,117.0,1.0,,,115.5,3.0,,,115.25,3.0,,,115.22,6.0,,,115.1,5.0,,,115.0,4.0,,
405,Germany_Baseload#19#0#10000106,2021-10-11 06:33:36.535000,119.27,1.0,120.0,1.0,119.0,2.0,123.0,2.0,118.5,1.0,124.0,2.0,118.0,3.0,,,117.0,1.0,,,115.5,3.0,,,115.25,3.0,,,115.22,6.0,,,115.1,5.0,,,115.0,4.0,,
406,Germany_Baseload#19#0#10000106,2021-10-11 06:33:36.739000,119.28,1.0,120.0,1.0,119.0,2.0,123.0,2.0,118.5,1.0,124.0,2.0,118.0,3.0,,,117.0,1.0,,,115.5,3.0,,,115.25,3.0,,,115.22,6.0,,,115.1,5.0,,,115.0,4.0,,
407,Germany_Baseload#19#0#10000106,2021-10-11 06:33:36.945000,119.29,1.0,120.0,1.0,119.0,2.0,123.0,2.0,118.5,1.0,124.0,2.0,118.0,3.0,,,117.0,1.0,,,115.5,3.0,,,115.25,3.0,,,115.22,6.0,,,115.1,5.0,,,115.0,4.0,,
408,Germany_Baseload#19#0#10000106,2021-10-11 06:33:37.145000,119.3,1.0,120.0,1.0,119.0,2.0,123.0,2.0,118.5,1.0,124.0,2.0,118.0,3.0,,,117.0,1.0,,,115.5,3.0,,,115.25,3.0,,,115.22,6.0,,,115.1,5.0,,,115.0,4.0,,
409,Germany_Baseload#19#0#10000106,2021-10-11 06:33:37.339000,119.31,1.0,120.0,1.0,119.0,2.0,123.0,2.0,118.5,1.0,124.0,2.0,118.0,3.0,,,117.0,1.0,,,115.5,3.0,,,115.25,3.0,,,115.22,6.0,,,115.1,5.0,,,115.0,4.0,,
410,Germany_Baseload#19#0#10000106,2021-10-11 06:33:37.537000,119.32,1.0,120.0,1.0,119.0,2.0,123.0,2.0,118.5,1.0,124.0,2.0,118.0,3.0,,,117.0,1.0,,,115.5,3.0,,,115.25,3.0,,,115.22,6.0,,,115.1,5.0,,,115.0,4.0,,
411,Germany_Baseload#19#0#10000106,2021-10-11 06:33:37.737000,119.33,1.0,120.0,1.0,119.0,2.0,123.0,2.0,118.5,1.0,124.0,2.0,118.0,3.0,,,117.0,1.0,,,115.5,3.0,,,115.25,3.0,,,115.22,6.0,,,115.1,5.0,,,115.0,4.0,,
412,Germany_Baseload#19#0#10000106,2021-10-11 06:33:37.948000,119.34,1.0,120.0,1.0,119.0,2.0,123.0,2.0,118.5,1.0,124.0,2.0,118.0,3.0,,,117.0,1.0,,,115.5,3.0,,,115.25,3.0,,,115.22,6.0,,,115.1,5.0,,,115.0,4.0,,
413,Germany_Baseload#19#0#10000106,2021-10-11 06:33:38.136000,119.35,1.0,120.0,1.0,119.0,2.0,123.0,2.0,118.5,1.0,124.0,2.0,118.0,3.0,,,117.0,1.0,,,115.5,3.0,,,115.25,3.0,,,115.22,6.0,,,115.1,5.0,,,115.0,4.0,,
414,Germany_Baseload#19#0#10000106,2021-10-11 06:33:38.337000,119.36,1.0,120.0,1.0,119.0,2.0,123.0,2.0,118.5,1.0,124.0,2.0,118.0,3.0,,,117.0,1.0,,,115.5,3.0,,,115.25,3.0,,,115.22,6.0,,,115.1,5.0,,,115.0,4.0,,
415,Germany_Baseload#19#0#10000106,2021-10-11 06:33:38.536000,119.37,1.0,120.0,1.0,119.36,1.0,123.0,2.0,119.0,2.0,124.0,2.0,118.5,1.0,,,118.0,3.0,,,117.0,1.0,,,115.5,3.0,,,115.25,3.0,,,115.22,6.0,,,115.1,5.0,,
416,Germany_Baseload#19#0#10000106,2021-10-11 06:33:38.537000,119.37,1.0,120.0,1.0,119.0,2.0,123.0,2.0,118.5,1.0,124.0,2.0,118.0,3.0,,,117.0,1.0,,,115.5,3.0,,,115.25,3.0,,,115.22,6.0,,,115.1,5.0,,,115.0,4.0,,
417,Germany_Baseload#19#0#10000106,2021-10-11 06:33:38.735000,119.38,1.0,120.0,1.0,119.0,2.0,123.0,2.0,118.5,1.0,124.0,2.0,118.0,3.0,,,117.0,1.0,,,115.5,3.0,,,115.25,3.0,,,115.22,6.0,,,115.1,5.0,,,115.0,4.0,,
418,Germany_Baseload#19#0#10000106,2021-10-11 06:33:38.944000,119.39,1.0,120.0,1.0,119.0,2.0,123.0,2.0,118.5,1.0,124.0,2.0,118.0,3.0,,,117.0,1.0,,,115.5,3.0,,,115.25,3.0,,,115.22,6.0,,,115.1,5.0,,,115.0,4.0,,
419,Germany_Baseload#19#0#10000106,2021-10-11 06:33:39.138000,119.4,1.0,120.0,1.0,119.0,2.0,123.0,2.0,118.5,1.0,124.0,2.0,118.0,3.0,,,117.0,1.0,,,115.5,3.0,,,115.25,3.0,,,115.22,6.0,,,115.1,5.0,,,115.0,4.0,,
420,Germany_Baseload#19#0#10000106,2021-10-11 06:33:39.338000,119.41,1.0,120.0,1.0,119.0,2.0,123.0,2.0,118.5,1.0,124.0,2.0,118.0,3.0,,,117.0,1.0,,,115.5,3.0,,,115.25,3.0,,,115.22,6.0,,,115.1,5.0,,,115.0,4.0,,
421,Germany_Baseload#19#0#10000106,2021-10-11 06:33:39.536000,119.42,1.0,120.0,1.0,119.0,2.0,123.0,2.0,118.5,1.0,124.0,2.0,118.0,3.0,,,117.0,1.0,,,115.5,3.0,,,115.25,3.0,,,115.22,6.0,,,115.1,5.0,,,115.0,4.0,,
422,Germany_Baseload#19#0#10000106,2021-10-11 06:33:39.738000,119.43,1.0,120.0,1.0,119.0,2.0,123.0,2.0,118.5,1.0,124.0,2.0,118.0,3.0,,,117.0,1.0,,,115.5,3.0,,,115.25,3.0,,,115.22,6.0,,,115.1,5.0,,,115.0,4.0,,
423,Germany_Baseload#19#0#10000106,2021-10-11 06:33:39.936000,119.44,1.0,120.0,1.0,119.0,2.0,123.0,2.0,118.5,1.0,124.0,2.0,118.0,3.0,,,117.0,1.0,,,115.5,3.0,,,115.25,3.0,,,115.22,6.0,,,115.1,5.0,,,115.0,4.0,,
424,Germany_Baseload#19#0#10000106,2021-10-11 06:33:40.136000,119.45,1.0,120.0,1.0,119.0,2.0,123.0,2.0,118.5,1.0,124.0,2.0,118.0,3.0,,,117.0,1.0,,,115.5,3.0,,,115.25,3.0,,,115.22,6.0,,,115.1,5.0,,,115.0,4.0,,
425,Germany_Baseload#19#0#10000106,2021-10-11 06:33:40.336000,119.46,1.0,120.0,1.0,119.0,2.0,123.0,2.0,118.5,1.0,124.0,2.0,118.0,3.0,,,117.0,1.0,,,115.5,3.0,,,115.25,3.0,,,115.22,6.0,,,115.1,5.0,,,115.0,4.0,,
426,Germany_Baseload#19#0#10000106,2021-10-11 06:33:40.541000,119.47,1.0,120.0,1.0,119.0,2.0,123.0,2.0,118.5,1.0,124.0,2.0,118.0,3.0,,,117.0,1.0,,,115.5,3.0,,,115.25,3.0,,,115.22,6.0,,,115.1,5.0,,,115.0,4.0,,
427,Germany_Baseload#19#0#10000106,2021-10-11 06:33:40.744000,119.48,1.0,120.0,1.0,119.0,2.0,123.0,2.0,118.5,1.0,124.0,2.0,118.0,3.0,,,117.0,1.0,,,115.5,3.0,,,115.25,3.0,,,115.22,6.0,,,115.1,5.0,,,115.0,4.0,,
428,Germany_Baseload#19#0#10000106,2021-10-11 06:33:40.947000,119.49,1.0,120.0,1.0,119.0,2.0,123.0,2.0,118.5,1.0,124.0,2.0,118.0,3.0,,,117.0,1.0,,,115.5,3.0,,,115.25,3.0,,,115.22,6.0,,,115.1,5.0,,,115.0,4.0,,
429,Germany_Baseload#19#0#10000106,2021-10-11 06:33:41.135000,119.5,1.0,120.0,1.0,119.49,1.0,123.0,2.0,119.0,2.0,124.0,2.0,118.5,1.0,,,118.0,3.0,,,117.0,1.0,,,115.5,3.0,,,115.25,3.0,,,115.22,6.0,,,115.1,5.0,,
430,Germany_Baseload#19#0#10000106,2021-10-11 06:33:41.136000,119.5,1.0,120.0,1.0,119.0,2.0,123.0,2.0,118.5,1.0,124.0,2.0,118.0,3.0,,,117.0,1.0,,,115.5,3.0,,,115.25,3.0,,,115.22,6.0,,,115.1,5.0,,,115.0,4.0,,
431,Germany_Baseload#19#0#10000106,2021-10-11 06:33:41.337000,119.51,1.0,120.0,1.0,119.0,2.0,123.0,2.0,118.5,1.0,124.0,2.0,118.0,3.0,,,117.0,1.0,,,115.5,3.0,,,115.25,3.0,,,115.22,6.0,,,115.1,5.0,,,115.0,4.0,,
432,Germany_Baseload#19#0#10000106,2021-10-11 06:33:41.536000,119.52,1.0,120.0,1.0,119.51,1.0,123.0,2.0,119.0,2.0,124.0,2.0,118.5,1.0,,,118.0,3.0,,,117.0,1.0,,,115.5,3.0,,,115.25,3.0,,,115.22,6.0,,,115.1,5.0,,
433,Germany_Baseload#19#0#10000106,2021-10-11 06:33:41.537000,119.52,1.0,120.0,1.0,119.0,2.0,123.0,2.0,118.5,1.0,124.0,2.0,118.0,3.0,,,117.0,1.0,,,115.5,3.0,,,115.25,3.0,,,115.22,6.0,,,115.1,5.0,,,115.0,4.0,,
434,Germany_Baseload#19#0#10000106,2021-10-11 06:33:41.736000,119.53,1.0,120.0,1.0,119.0,2.0,123.0,2.0,118.5,1.0,124.0,2.0,118.0,3.0,,,117.0,1.0,,,115.5,3.0,,,115.25,3.0,,,115.22,6.0,,,115.1,5.0,,,115.0,4.0,,
435,Germany_Baseload#19#0#10000106,2021-10-11 06:33:41.939000,119.54,1.0,120.0,1.0,119.53,1.0,123.0,2.0,119.0,2.0,124.0,2.0,118.5,1.0,,,118.0,3.0,,,117.0,1.0,,,115.5,3.0,,,115.25,3.0,,,115.22,6.0,,,115.1,5.0,,
436,Germany_Baseload#19#0#10000106,2021-10-11 06:33:41.940000,119.54,1.0,120.0,1.0,119.0,2.0,123.0,2.0,118.5,1.0,124.0,2.0,118.0,3.0,,,117.0,1.0,,,115.5,3.0,,,115.25,3.0,,,115.22,6.0,,,115.1,5.0,,,115.0,4.0,,
437,Germany_Baseload#19#0#10000106,2021-10-11 06:33:42.137000,119.55,1.0,120.0,1.0,119.0,2.0,123.0,2.0,118.5,1.0,124.0,2.0,118.0,3.0,,,117.0,1.0,,,115.5,3.0,,,115.25,3.0,,,115.22,6.0,,,115.1,5.0,,,115.0,4.0,,
438,Germany_Baseload#19#0#10000106,2021-10-11 06:33:42.336000,119.56,1.0,120.0,1.0,119.55,1.0,123.0,2.0,119.0,2.0,124.0,2.0,118.5,1.0,,,118.0,3.0,,,117.0,1.0,,,115.5,3.0,,,115.25,3.0,,,115.22,6.0,,,115.1,5.0,,
439,Germany_Baseload#19#0#10000106,2021-10-11 06:33:42.337000,119.56,1.0,120.0,1.0,119.0,2.0,123.0,2.0,118.5,1.0,124.0,2.0,118.0,3.0,,,117.0,1.0,,,115.5,3.0,,,115.25,3.0,,,115.22,6.0,,,115.1,5.0,,,115.0,4.0,,
440,Germany_Baseload#19#0#10000106,2021-10-11 06:33:42.536000,119.57,1.0,120.0,1.0,119.0,2.0,123.0,2.0,118.5,1.0,124.0,2.0,118.0,3.0,,,117.0,1.0,,,115.5,3.0,,,115.25,3.0,,,115.22,6.0,,,115.1,5.0,,,115.0,4.0,,
441,Germany_Baseload#19#0#10000106,2021-10-11 06:33:42.737000,119.58,1.0,120.0,1.0,119.0,2.0,123.0,2.0,118.5,1.0,124.0,2.0,118.0,3.0,,,117.0,1.0,,,115.5,3.0,,,115.25,3.0,,,115.22,6.0,,,115.1,5.0,,,115.0,4.0,,
442,Germany_Baseload#19#0#10000106,2021-10-11 06:33:42.936000,119.59,1.0,120.0,1.0,119.58,1.0,123.0,2.0,119.0,2.0,124.0,2.0,118.5,1.0,,,118.0,3.0,,,117.0,1.0,,,115.5,3.0,,,115.25,3.0,,,115.22,6.0,,,115.1,5.0,,
443,Germany_Baseload#19#0#10000106,2021-10-11 06:33:42.937000,119.59,1.0,120.0,1.0,119.0,2.0,123.0,2.0,118.5,1.0,124.0,2.0,118.0,3.0,,,117.0,1.0,,,115.5,3.0,,,115.25,3.0,,,115.22,6.0,,,115.1,5.0,,,115.0,4.0,,
444,Germany_Baseload#19#0#10000106,2021-10-11 06:33:43.026000,119.0,2.0,120.0,1.0,118.5,1.0,123.0,2.0,118.0,3.0,124.0,2.0,117.0,1.0,,,115.5,3.0,,,115.25,3.0,,,115.22,6.0,,,115.1,5.0,,,115.0,4.0,,,110.0,1.0,,
445,Germany_Baseload#19#0#10000106,2021-10-11 06:33:55.009000,119.0,1.0,120.0,1.0,118.5,1.0,123.0,2.0,118.0,3.0,124.0,2.0,117.0,1.0,,,115.5,3.0,,,115.25,3.0,,,115.22,6.0,,,115.1,5.0,,,115.0,4.0,,,110.0,1.0,,
