,key,Datetime,BidPrice_0,BidVolume_0,AskPrice_0,AskVolume_0,BidPrice_1,BidVolume_1,AskPrice_1,AskVolume_1,BidPrice_2,BidVolume_2,AskPrice_2,AskVolume_2,BidPrice_3,BidVolume_3,AskPrice_3,AskVolume_3,BidPrice_4,BidVolume_4,AskPrice_4,AskVolume_4,BidPrice_5,BidVolume_5,AskPrice_5,AskVolume_5,BidPrice_6,BidVolume_6,AskPrice_6,AskVolume_6,BidPrice_7,BidVolume_7,AskPrice_7,AskVolume_7,BidPrice_8,BidVolume_8,AskPrice_8,AskVolume_8,BidPrice_9,BidVolume_9,AskPrice_9,AskVolume_9
0,Germany_Baseload#19#0#10000106,2021-10-08 05:26:39.857000,118.0,1.0,,,113.0,2.0,,,110.0,1.0,,,,,,,,,,,,,,,,,,,,,,,,,,,,,,
1,Germany_Baseload#19#0#10000106,2021-10-08 05:38:56.741000,118.0,1.0,,,113.0,2.0,,,,,,,,,,,,,,,,,,,,,,,,,,,,,,,,,,
2,Germany_Baseload#19#0#10000106,2021-10-08 05:40:11.283000,118.0,1.0,,,113.0,2.0,,,100.0,5.0,,,,,,,,,,,,,,,,,,,,,,,,,,,,,,
3,Germany_Baseload#19#0#10000106,2021-10-08 05:51:35.615000,118.0,1.0,,,100.0,5.0,,,,,,,,,,,,,,,,,,,,,,,,,,,,,,,,,,
4,Germany_Baseload#19#0#10000106,2021-10-08 05:52:48.571000,118.0,1.0,138.5,3.0,100.0,5.0,,,,,,,,,,,,,,,,,,,,,,,,,,,,,,,,,,
5,Germany_Baseload#19#0#10000106,2021-10-08 05:56:12.613000,120.0,1.0,138.5,3.0,118.0,1.0,,,100.0,5.0,,,,,,,,,,,,,,,,,,,,,,,,,,,,,,
6,Germany_Baseload#19#0#10000106,2021-10-08 05:57:21.372000,120.0,1.0,138.5,3.0,118.0,1.0,,,110.0,1.0,,,100.0,5.0,,,,,,,,,,,,,,,,,,,,,,,,,,
7,Germany_Baseload#19#0#10000106,2021-10-08 06:00:01.056000,121.0,1.0,138.5,3.0,120.0,1.0,,,118.0,1.0,,,110.0,1.0,,,100.0,5.0,,,52.0,1.0,,,48.0,3.0,,,,,,,,,,,,,,
8,Germany_Baseload#19#0#10000106,2021-10-08 06:00:01.057000,121.0,1.0,130.0,1.0,120.0,1.0,138.5,3.0,118.0,1.0,158.0,1.0,110.0,1.0,,,100.0,5.0,,,52.0,1.0,,,48.0,3.0,,,,,,,,,,,,,,
9,Germany_Baseload#19#0#10000106,2021-10-08 06:00:20.212000,122.0,1.0,130.0,1.0,120.0,1.0,138.5,3.0,118.0,1.0,158.0,1.0,110.0,1.0,,,100.0,5.0,,,52.0,1.0,,,48.0,3.0,,,,,,,,,,,,,,
10,Germany_Baseload#19#0#10000106,2021-10-08 06:00:22.318000,122.0,1.0,130.0,1.0,121.21,1.0,138.5,3.0,120.0,1.0,158.0,1.0,118.0,1.0,,,110.0,1.0,,,100.0,5.0,,,52.0,1.0,,,48.0,3.0,,,,,,,,,,
11,Germany_Baseload#19#0#10000106,2021-10-08 06:03:02.523000,122.0,1.0,130.0,2.0,121.21,1.0,138.5,3.0,120.0,1.0,158.0,1.0,118.0,1.0,,,110.0,1.0,,,100.0,5.0,,,52.0,1.0,,,48.0,3.0,,,,,,,,,,
12,Germany_Baseload#19#0#10000106,2021-10-08 06:03:29.236000,122.0,1.0,130.0,1.0,121.21,1.0,138.5,3.0,120.0,1.0,158.0,1.0,118.0,1.0,,,110.0,1.0,,,100.0,5.0,,,52.0,1.0,,,48.0,3.0,,,,,,,,,,
13,Germany_Baseload#19#0#10000106,2021-10-08 06:03:29.274000,122.0,1.0,129.0,1.0,121.21,1.0,130.0,1.0,120.0,1.0,138.5,3.0,118.0,1.0,158.0,1.0,110.0,1.0,,,100.0,5.0,,,52.0,1.0,,,48.0,3.0,,,,,,,,,,
14,Germany_Baseload#19#0#10000106,2021-10-08 06:03:54.266000,122.0,1.0,129.0,1.0,121.21,1.0,130.0,1.0,118.0,1.0,138.5,3.0,110.0,1.0,158.0,1.0,100.0,5.0,,,52.0,1.0,,,48.0,3.0,,,,,,,,,,,,,,
15,Germany_Baseload#19#0#10000106,2021-10-08 06:04:07.271000,121.5,1.0,129.0,1.0,121.21,1.0,130.0,1.0,118.0,1.0,138.5,3.0,110.0,1.0,158.0,1.0,100.0,5.0,,,52.0,1.0,,,48.0,3.0,,,,,,,,,,,,,,
16,Germany_Baseload#19#0#10000106,2021-10-08 06:05:30.993000,121.5,1.0,129.0,1.0,121.21,1.0,130.0,1.0,118.0,1.0,138.5,3.0,110.0,1.0,158.0,1.0,100.0,2.0,,,52.0,1.0,,,48.0,3.0,,,,,,,,,,,,,,
17,Germany_Baseload#19#0#10000106,2021-10-08 06:06:54.047000,122.0,2.0,129.0,1.0,121.5,1.0,130.0,1.0,121.21,1.0,138.5,3.0,118.0,1.0,158.0,1.0,110.0,1.0,,,100.0,2.0,,,52.0,1.0,,,48.0,3.0,,,,,,,,,,
18,Germany_Baseload#19#0#10000106,2021-10-08 06:08:47.197000,122.1,1.0,129.0,1.0,122.0,2.0,130.0,1.0,121.21,1.0,138.5,3.0,118.0,1.0,158.0,1.0,110.0,1.0,,,100.0,2.0,,,52.0,1.0,,,48.0,3.0,,,,,,,,,,
19,Germany_Baseload#19#0#10000106,2021-10-08 06:09:10.867000,123.0,2.0,129.0,1.0,122.1,1.0,130.0,1.0,122.0,2.0,138.5,3.0,121.21,1.0,158.0,1.0,118.0,1.0,,,110.0,1.0,,,100.0,2.0,,,52.0,1.0,,,48.0,3.0,,,,,,
20,Germany_Baseload#19#0#10000106,2021-10-08 06:09:44.664000,123.1,1.0,129.0,1.0,123.0,2.0,130.0,1.0,122.0,2.0,138.5,3.0,121.21,1.0,158.0,1.0,118.0,1.0,,,110.0,1.0,,,100.0,2.0,,,52.0,1.0,,,48.0,3.0,,,,,,
21,Germany_Baseload#19#0#10000106,2021-10-08 06:10:32.129000,123.1,1.0,129.0,1.0,123.0,2.0,130.0,1.0,122.0,2.0,138.5,3.0,121.21,1.0,140.0,1.0,118.0,1.0,158.0,1.0,110.0,1.0,,,100.0,2.0,,,52.0,1.0,,,48.0,3.0,,,,,,
22,Germany_Baseload#19#0#10000106,2021-10-08 06:11:00.582000,125.0,1.0,129.0,1.0,123.1,1.0,130.0,1.0,123.0,2.0,138.5,3.0,122.0,2.0,140.0,1.0,121.21,1.0,158.0,1.0,118.0,1.0,,,110.0,1.0,,,100.0,2.0,,,52.0,1.0,,,48.0,3.0,,
23,Germany_Baseload#19#0#10000106,2021-10-08 06:12:42.841000,125.0,1.0,130.0,2.0,123.1,1.0,138.5,3.0,123.0,2.0,140.0,1.0,122.0,2.0,158.0,1.0,121.21,1.0,,,118.0,1.0,,,110.0,1.0,,,100.0,2.0,,,52.0,1.0,,,48.0,3.0,,
24,Germany_Baseload#19#0#10000106,2021-10-08 06:13:09.286000,125.0,1.0,130.0,2.0,123.1,1.0,138.5,3.0,123.0,2.0,140.0,1.0,122.0,2.0,145.0,1.0,121.21,1.0,158.0,1.0,118.0,1.0,,,110.0,1.0,,,100.0,2.0,,,52.0,1.0,,,48.0,3.0,,
25,Germany_Baseload#19#0#10000106,2021-10-08 06:13:32.558000,126.0,1.0,130.0,2.0,125.0,1.0,138.5,3.0,123.0,2.0,140.0,1.0,122.0,2.0,145.0,1.0,121.21,1.0,158.0,1.0,118.0,1.0,,,110.0,1.0,,,100.0,2.0,,,52.0,1.0,,,48.0,3.0,,
26,Germany_Baseload#19#0#10000106,2021-10-08 06:14:53.722000,126.0,1.0,129.0,1.0,125.0,1.0,130.0,2.0,123.0,2.0,138.5,3.0,122.0,2.0,140.0,1.0,121.21,1.0,145.0,1.0,118.0,1.0,158.0,1.0,110.0,1.0,,,100.0,2.0,,,52.0,1.0,,,48.0,3.0,,
27,Germany_Baseload#19#0#10000106,2021-10-08 06:15:47.677000,126.0,1.0,130.0,2.0,125.0,1.0,138.5,3.0,123.0,2.0,140.0,1.0,122.0,2.0,145.0,1.0,121.21,1.0,158.0,1.0,118.0,1.0,,,110.0,1.0,,,100.0,2.0,,,52.0,1.0,,,48.0,3.0,,
28,Germany_Baseload#19#0#10000106,2021-10-08 06:16:30.372000,126.0,1.0,130.0,2.0,125.0,1.0,138.5,3.0,123.0,2.0,140.0,1.0,122.0,2.0,145.0,1.0,121.21,1.0,158.0,1.0,118.0,1.0,,,110.0,1.0,,,100.0,2.0,,,52.0,1.0,,,48.0,3.0,,
29,Germany_Baseload#19#0#10000106,2021-10-08 06:16:41.340000,126.0,1.0,130.0,1.0,125.0,1.0,131.0,1.0,123.0,2.0,138.5,3.0,122.0,2.0,140.0,1.0,121.21,1.0,145.0,1.0,118.0,1.0,158.0,1.0,110.0,1.0,,,100.0,2.0,,,52.0,1.0,,,48.0,3.0,,
30,Germany_Baseload#19#0#10000106,2021-10-08 06:16:43.733000,126.0,1.0,131.0,1.0,125.0,1.0,138.5,3.0,123.0,2.0,140.0,1.0,122.0,2.0,145.0,1.0,121.21,1.0,158.0,1.0,118.0,1.0,,,110.0,1.0,,,100.0,2.0,,,52.0,1.0,,,48.0,3.0,,
31,Germany_Baseload#19#0#10000106,2021-10-08 06:16:59.629000,126.0,1.0,138.5,3.0,125.0,1.0,140.0,1.0,123.0,2.0,145.0,1.0,122.0,2.0,158.0,1.0,121.21,1.0,,,118.0,1.0,,,110.0,1.0,,,100.0,2.0,,,52.0,1.0,,,48.0,3.0,,
32,Germany_Baseload#19#0#10000106,2021-10-08 06:17:15.825000,126.0,1.0,138.0,1.0,125.0,1.0,138.5,3.0,123.0,2.0,140.0,1.0,122.0,2.0,145.0,1.0,121.21,1.0,158.0,1.0,118.0,1.0,,,110.0,1.0,,,100.0,2.0,,,52.0,1.0,,,48.0,3.0,,
33,Germany_Baseload#19#0#10000106,2021-10-08 06:17:58.605000,126.0,1.0,138.0,1.0,125.0,1.0,138.5,3.0,123.0,2.0,140.0,1.0,122.0,2.0,145.0,1.0,121.21,1.0,158.0,1.0,118.0,1.0,,,110.0,1.0,,,100.0,2.0,,,52.0,1.0,,,48.0,3.0,,
34,Germany_Baseload#19#0#10000106,2021-10-08 06:18:42.406000,126.0,1.0,132.0,1.0,125.0,1.0,138.0,1.0,123.0,2.0,138.5,3.0,122.0,2.0,140.0,1.0,121.21,1.0,145.0,1.0,118.0,1.0,158.0,1.0,110.0,1.0,,,100.0,2.0,,,52.0,1.0,,,48.0,3.0,,
35,Germany_Baseload#19#0#10000106,2021-10-08 06:19:16.420000,129.0,1.0,132.0,1.0,126.0,1.0,138.0,1.0,125.0,1.0,138.5,3.0,123.0,2.0,140.0,1.0,122.0,2.0,145.0,1.0,121.21,1.0,158.0,1.0,118.0,1.0,,,110.0,1.0,,,100.0,2.0,,,52.0,1.0,,
36,Germany_Baseload#19#0#10000106,2021-10-08 06:19:46.813000,129.0,1.0,138.0,1.0,126.0,1.0,138.5,3.0,125.0,1.0,140.0,1.0,123.0,2.0,145.0,1.0,122.0,2.0,158.0,1.0,121.21,1.0,,,118.0,1.0,,,110.0,1.0,,,100.0,2.0,,,52.0,1.0,,
37,Germany_Baseload#19#0#10000106,2021-10-08 06:20:06.214000,126.0,1.0,138.0,1.0,125.0,1.0,138.5,3.0,123.0,2.0,140.0,1.0,122.0,2.0,145.0,1.0,121.21,1.0,158.0,1.0,118.0,1.0,,,110.0,1.0,,,100.0,2.0,,,52.0,1.0,,,48.0,3.0,,
38,Germany_Baseload#19#0#10000106,2021-10-08 06:20:16.924000,126.0,1.0,132.0,1.0,125.0,1.0,138.0,1.0,123.0,2.0,138.5,3.0,122.0,2.0,140.0,1.0,121.21,1.0,145.0,1.0,118.0,1.0,158.0,1.0,110.0,1.0,,,100.0,2.0,,,52.0,1.0,,,48.0,3.0,,
39,Germany_Baseload#19#0#10000106,2021-10-08 06:20:46.257000,126.0,1.0,138.0,1.0,125.0,1.0,138.5,3.0,123.0,2.0,140.0,1.0,122.0,2.0,145.0,1.0,121.21,1.0,158.0,1.0,118.0,1.0,,,110.0,1.0,,,100.0,2.0,,,52.0,1.0,,,48.0,3.0,,
40,Germany_Baseload#19#0#10000106,2021-10-08 06:21:05.151000,126.0,1.0,137.0,2.0,125.0,1.0,138.0,1.0,123.0,2.0,138.5,3.0,122.0,2.0,140.0,1.0,121.21,1.0,145.0,1.0,118.0,1.0,158.0,1.0,110.0,1.0,,,100.0,2.0,,,52.0,1.0,,,48.0,3.0,,
41,Germany_Baseload#19#0#10000106,2021-10-08 06:21:13.742000,126.0,1.0,137.0,2.0,125.0,1.0,138.5,3.0,123.0,2.0,140.0,1.0,122.0,2.0,145.0,1.0,121.21,1.0,158.0,1.0,118.0,1.0,,,110.0,1.0,,,100.0,2.0,,,52.0,1.0,,,48.0,3.0,,
42,Germany_Baseload#19#0#10000106,2021-10-08 06:21:13.768000,126.0,1.0,137.0,3.0,125.0,1.0,138.5,3.0,123.0,2.0,140.0,1.0,122.0,2.0,145.0,1.0,121.21,1.0,158.0,1.0,118.0,1.0,,,110.0,1.0,,,100.0,2.0,,,52.0,1.0,,,48.0,3.0,,
43,Germany_Baseload#19#0#10000106,2021-10-08 06:21:28.360000,126.0,1.0,137.0,2.0,125.0,1.0,138.5,3.0,123.0,2.0,140.0,1.0,122.0,2.0,145.0,1.0,121.21,1.0,158.0,1.0,118.0,1.0,,,110.0,1.0,,,100.0,2.0,,,52.0,1.0,,,48.0,3.0,,
44,Germany_Baseload#19#0#10000106,2021-10-08 06:21:28.392000,126.0,1.0,136.0,1.0,125.0,1.0,137.0,2.0,123.0,2.0,138.5,3.0,122.0,2.0,140.0,1.0,121.21,1.0,145.0,1.0,118.0,1.0,158.0,1.0,110.0,1.0,,,100.0,2.0,,,52.0,1.0,,,48.0,3.0,,
45,Germany_Baseload#19#0#10000106,2021-10-08 06:23:13.056000,129.5,1.0,131.0,2.0,127.75,1.0,131.8,1.0,125.0,2.0,131.97,1.0,123.0,2.0,132.4,1.0,122.0,2.0,132.5,5.0,121.21,1.0,133.25,4.0,120.0,1.0,134.0,1.0,118.0,1.0,134.5,1.0,116.0,1.0,135.0,2.0,114.7,1.0,136.0,2.0
46,Germany_Baseload#19#0#10000106,2021-10-08 06:23:43.326000,129.5,1.0,136.0,1.0,126.0,1.0,137.0,2.0,125.0,1.0,138.5,3.0,123.0,2.0,140.0,1.0,122.0,2.0,145.0,1.0,121.21,1.0,158.0,1.0,118.0,1.0,,,110.0,1.0,,,100.0,2.0,,,52.0,1.0,,
47,Germany_Baseload#19#0#10000106,2021-10-08 06:23:50.112000,129.5,1.0,137.0,3.0,126.0,1.0,138.5,3.0,125.0,1.0,140.0,1.0,123.0,2.0,145.0,1.0,122.0,2.0,158.0,1.0,121.21,1.0,,,118.0,1.0,,,110.0,1.0,,,100.0,2.0,,,52.0,1.0,,
48,Germany_Baseload#19#0#10000106,2021-10-08 06:23:54.376000,129.5,1.0,137.0,3.0,126.0,1.0,138.5,3.0,125.0,1.0,140.0,1.0,123.0,2.0,145.0,1.0,122.0,2.0,158.0,1.0,121.21,1.0,,,118.0,1.0,,,110.0,1.0,,,100.0,2.0,,,52.0,1.0,,
49,Germany_Baseload#19#0#10000106,2021-10-08 06:24:18.743000,130.0,1.0,137.0,3.0,129.5,1.0,138.5,3.0,126.0,1.0,140.0,1.0,125.0,1.0,145.0,1.0,123.0,2.0,158.0,1.0,122.0,2.0,,,121.21,1.0,,,118.0,1.0,,,110.0,1.0,,,100.0,2.0,,
50,Germany_Baseload#19#0#10000106,2021-10-08 06:24:46.618000,130.0,1.0,136.0,2.0,129.5,1.0,137.0,1.0,126.0,1.0,138.5,3.0,125.0,1.0,140.0,1.0,123.0,2.0,145.0,1.0,122.0,2.0,158.0,1.0,121.21,1.0,,,118.0,1.0,,,110.0,1.0,,,100.0,2.0,,
51,Germany_Baseload#19#0#10000106,2021-10-08 06:24:55.268000,130.0,1.0,136.0,2.0,129.5,1.0,138.5,3.0,126.0,1.0,140.0,1.0,125.0,1.0,145.0,1.0,123.0,2.0,158.0,1.0,122.0,2.0,,,121.21,1.0,,,118.0,1.0,,,110.0,1.0,,,100.0,2.0,,
52,Germany_Baseload#19#0#10000106,2021-10-08 06:24:55.293000,130.0,1.0,136.0,3.0,129.5,1.0,138.5,3.0,126.0,1.0,140.0,1.0,125.0,1.0,145.0,1.0,123.0,2.0,158.0,1.0,122.0,2.0,,,121.21,1.0,,,118.0,1.0,,,110.0,1.0,,,100.0,2.0,,
53,Germany_Baseload#19#0#10000106,2021-10-08 06:24:56.606000,131.0,1.0,136.0,3.0,130.0,1.0,138.5,3.0,129.5,1.0,140.0,1.0,126.0,1.0,145.0,1.0,125.0,1.0,158.0,1.0,123.0,2.0,,,122.0,2.0,,,121.21,1.0,,,118.0,1.0,,,110.0,1.0,,
54,Germany_Baseload#19#0#10000106,2021-10-08 06:24:56.727000,131.0,1.0,136.0,3.0,130.0,1.0,138.5,3.0,129.5,1.0,140.0,1.0,126.3,1.0,145.0,1.0,126.0,1.0,158.0,1.0,125.0,1.0,,,123.0,2.0,,,122.0,2.0,,,121.21,1.0,,,118.0,1.0,,
55,Germany_Baseload#19#0#10000106,2021-10-08 06:25:11.259000,131.0,1.0,136.0,3.0,130.0,1.0,138.5,3.0,129.5,1.0,140.0,1.0,126.3,1.0,145.0,1.0,126.0,1.0,158.0,1.0,125.0,1.0,,,123.0,2.0,,,122.0,2.0,,,121.21,1.0,,,118.0,1.0,,
56,Germany_Baseload#19#0#10000106,2021-10-08 06:25:31.570000,131.0,1.0,136.0,3.0,130.0,1.0,138.5,3.0,129.5,1.0,140.0,1.0,126.3,1.0,145.0,1.0,126.0,1.0,158.0,1.0,125.0,1.0,,,123.0,2.0,,,122.0,2.0,,,121.21,1.0,,,118.0,1.0,,
57,Germany_Baseload#19#0#10000106,2021-10-08 06:25:32.771000,131.0,1.0,136.0,3.0,130.0,1.0,138.5,3.0,129.5,2.0,140.0,1.0,126.3,1.0,145.0,1.0,126.0,1.0,158.0,1.0,125.0,1.0,,,123.0,2.0,,,122.0,2.0,,,121.21,1.0,,,118.0,1.0,,
58,Germany_Baseload#19#0#10000106,2021-10-08 06:25:42.902000,131.0,1.0,136.0,3.0,130.0,1.0,138.5,3.0,129.5,2.0,140.0,1.0,126.3,1.0,145.0,1.0,126.0,1.0,158.0,1.0,125.0,1.0,,,123.0,2.0,,,122.0,2.0,,,121.21,1.0,,,118.0,1.0,,
59,Germany_Baseload#19#0#10000106,2021-10-08 06:25:49.196000,131.0,1.0,136.0,3.0,130.0,1.0,138.5,3.0,129.5,2.0,140.0,1.0,126.3,1.0,145.0,1.0,126.0,1.0,158.0,1.0,125.0,1.0,,,123.0,2.0,,,122.0,2.0,,,121.21,1.0,,,118.0,1.0,,
60,Germany_Baseload#19#0#10000106,2021-10-08 06:25:49.239000,131.0,1.0,136.0,3.0,130.0,1.0,138.5,3.0,129.5,2.0,140.0,1.0,126.3,1.0,145.0,1.0,126.0,1.0,158.0,1.0,125.0,1.0,,,123.0,2.0,,,122.0,2.0,,,121.21,1.0,,,118.0,1.0,,
61,Germany_Baseload#19#0#10000106,2021-10-08 06:25:49.302000,130.0,1.0,136.0,3.0,129.5,2.0,138.5,3.0,126.3,1.0,140.0,1.0,126.0,1.0,145.0,1.0,125.0,1.0,158.0,1.0,123.0,2.0,,,122.0,2.0,,,121.21,1.0,,,118.0,1.0,,,110.0,1.0,,
62,Germany_Baseload#19#0#10000106,2021-10-08 06:25:49.303000,130.0,1.0,136.0,3.0,129.5,2.0,138.5,3.0,126.3,2.0,140.0,1.0,126.0,1.0,145.0,1.0,125.0,1.0,158.0,1.0,123.0,2.0,,,122.0,2.0,,,121.21,1.0,,,118.0,1.0,,,110.0,1.0,,
63,Germany_Baseload#19#0#10000106,2021-10-08 06:25:49.451000,130.0,1.0,136.0,3.0,129.5,2.0,138.5,3.0,126.3,1.0,140.0,1.0,126.0,1.0,145.0,1.0,125.0,1.0,158.0,1.0,123.0,2.0,,,122.0,2.0,,,121.21,1.0,,,118.0,1.0,,,110.0,1.0,,
64,Germany_Baseload#19#0#10000106,2021-10-08 06:25:49.477000,130.0,1.0,136.0,3.0,129.5,2.0,138.5,3.0,126.0,1.0,140.0,1.0,125.0,1.0,145.0,1.0,123.0,2.0,158.0,1.0,122.0,2.0,,,121.21,1.0,,,118.0,1.0,,,110.0,1.0,,,100.0,2.0,,
65,Germany_Baseload#19#0#10000106,2021-10-08 06:25:53.285000,131.0,1.0,136.0,3.0,130.0,1.0,138.5,3.0,129.5,2.0,140.0,1.0,126.0,1.0,145.0,1.0,125.0,1.0,158.0,1.0,123.0,2.0,,,122.0,2.0,,,121.21,1.0,,,118.0,1.0,,,110.0,1.0,,
66,Germany_Baseload#19#0#10000106,2021-10-08 06:25:53.406000,131.0,1.0,136.0,3.0,130.0,1.0,138.5,3.0,129.5,2.0,140.0,1.0,126.3,1.0,145.0,1.0,126.0,1.0,158.0,1.0,125.0,1.0,,,123.0,2.0,,,122.0,2.0,,,121.21,1.0,,,118.0,1.0,,
67,Germany_Baseload#19#0#10000106,2021-10-08 06:26:16.019000,131.0,1.0,136.0,3.0,130.0,1.0,138.5,3.0,129.5,2.0,140.0,1.0,126.5,1.0,145.0,1.0,126.0,1.0,158.0,1.0,125.0,1.0,,,123.0,2.0,,,122.0,2.0,,,121.21,1.0,,,118.0,1.0,,
68,Germany_Baseload#19#0#10000106,2021-10-08 06:26:35.071000,131.0,1.0,133.0,1.0,130.0,1.0,136.0,3.0,129.5,2.0,138.5,3.0,126.5,1.0,140.0,1.0,126.0,1.0,145.0,1.0,125.0,1.0,158.0,1.0,123.0,2.0,,,122.0,2.0,,,121.21,1.0,,,118.0,1.0,,
69,Germany_Baseload#19#0#10000106,2021-10-08 06:26:38.666000,130.0,1.0,133.0,1.0,129.5,2.0,136.0,3.0,126.5,2.0,138.5,3.0,126.0,1.0,140.0,1.0,125.0,1.0,145.0,1.0,123.0,2.0,158.0,1.0,122.0,2.0,,,121.21,1.0,,,118.0,1.0,,,110.0,1.0,,
70,Germany_Baseload#19#0#10000106,2021-10-08 06:26:38.761000,130.0,1.0,133.0,1.0,129.5,2.0,136.0,3.0,126.5,1.0,138.5,3.0,126.0,1.0,140.0,1.0,125.0,1.0,145.0,1.0,123.0,2.0,158.0,1.0,122.0,2.0,,,121.21,1.0,,,118.0,1.0,,,110.0,1.0,,
71,Germany_Baseload#19#0#10000106,2021-10-08 06:26:38.797000,130.0,1.0,133.0,1.0,129.5,2.0,136.0,3.0,126.0,1.0,138.5,3.0,125.0,1.0,140.0,1.0,123.0,2.0,145.0,1.0,122.0,2.0,158.0,1.0,121.21,1.0,,,118.0,1.0,,,110.0,1.0,,,100.0,2.0,,
72,Germany_Baseload#19#0#10000106,2021-10-08 06:27:08.909000,130.0,1.0,133.0,1.0,129.5,2.0,135.0,1.0,126.0,1.0,136.0,3.0,125.0,1.0,138.5,3.0,123.0,2.0,140.0,1.0,122.0,2.0,145.0,1.0,121.21,1.0,158.0,1.0,118.0,1.0,,,110.0,1.0,,,100.0,2.0,,
73,Germany_Baseload#19#0#10000106,2021-10-08 06:27:50.954000,130.0,1.0,132.0,1.0,129.5,2.0,133.0,1.0,126.0,1.0,135.0,1.0,125.0,1.0,136.0,3.0,123.0,2.0,138.5,3.0,122.0,2.0,140.0,1.0,121.21,1.0,145.0,1.0,118.0,1.0,158.0,1.0,110.0,1.0,,,100.0,2.0,,
74,Germany_Baseload#19#0#10000106,2021-10-08 06:28:10.995000,130.0,1.0,132.0,1.0,129.5,2.0,133.0,1.0,126.0,1.0,135.0,1.0,125.0,1.0,136.0,2.0,123.0,2.0,138.5,3.0,122.0,2.0,140.0,1.0,121.21,1.0,145.0,1.0,118.0,1.0,158.0,1.0,110.0,1.0,,,100.0,2.0,,
75,Germany_Baseload#19#0#10000106,2021-10-08 06:28:11.021000,130.0,1.0,132.0,1.0,129.5,2.0,133.0,1.0,126.0,1.0,134.0,1.0,125.0,1.0,135.0,1.0,123.0,2.0,136.0,2.0,122.0,2.0,138.5,3.0,121.21,1.0,140.0,1.0,118.0,1.0,145.0,1.0,110.0,1.0,158.0,1.0,100.0,2.0,,
76,Germany_Baseload#19#0#10000106,2021-10-08 06:28:42.518000,130.0,1.0,132.0,1.0,129.5,2.0,133.0,1.0,126.0,1.0,134.0,1.0,125.55,1.0,135.0,1.0,125.0,1.0,136.0,2.0,123.0,2.0,138.5,3.0,122.0,2.0,140.0,1.0,121.21,1.0,145.0,1.0,118.0,1.0,158.0,1.0,110.0,1.0,,
77,Germany_Baseload#19#0#10000106,2021-10-08 06:28:43.229000,130.0,1.0,132.0,1.0,129.5,2.0,133.0,1.0,126.0,1.0,134.0,1.0,125.0,1.0,135.0,1.0,123.0,2.0,136.0,2.0,122.0,2.0,138.5,3.0,121.21,1.0,140.0,1.0,118.0,1.0,145.0,1.0,110.0,1.0,158.0,1.0,100.0,2.0,,
78,Germany_Baseload#19#0#10000106,2021-10-08 06:28:51.395000,131.0,1.0,132.0,1.0,130.0,1.0,133.0,1.0,129.5,2.0,134.0,1.0,126.0,1.0,135.0,1.0,125.0,1.0,136.0,2.0,123.0,2.0,138.5,3.0,122.0,2.0,140.0,1.0,121.21,1.0,145.0,1.0,118.0,1.0,158.0,1.0,110.0,1.0,,
79,Germany_Baseload#19#0#10000106,2021-10-08 06:28:59.771000,131.0,1.0,133.0,1.0,130.0,1.0,134.0,1.0,129.5,2.0,135.0,1.0,126.0,1.0,136.0,2.0,125.0,1.0,138.5,3.0,123.0,2.0,140.0,1.0,122.0,2.0,145.0,1.0,121.21,1.0,158.0,1.0,118.0,1.0,,,110.0,1.0,,
80,Germany_Baseload#19#0#10000106,2021-10-08 06:29:43.542000,131.0,1.0,133.0,1.0,130.0,1.0,134.0,1.0,129.5,2.0,135.0,1.0,126.0,1.0,136.0,1.0,125.0,1.0,138.5,3.0,123.0,2.0,140.0,1.0,122.0,2.0,145.0,1.0,121.21,1.0,158.0,1.0,118.0,1.0,,,110.0,1.0,,
81,Germany_Baseload#19#0#10000106,2021-10-08 06:29:43.543000,131.0,1.0,133.0,1.0,130.0,1.0,135.0,1.0,129.5,2.0,136.0,1.0,126.0,1.0,138.5,3.0,125.0,1.0,140.0,1.0,123.0,2.0,145.0,1.0,122.0,2.0,158.0,1.0,121.21,1.0,,,118.0,1.0,,,110.0,1.0,,
82,Germany_Baseload#19#0#10000106,2021-10-08 06:30:09.585000,131.0,1.0,133.0,1.0,130.0,1.0,135.0,1.0,129.5,2.0,136.0,1.0,126.0,1.0,138.5,3.0,125.0,1.0,140.0,1.0,123.0,2.0,145.0,1.0,122.0,2.0,158.0,1.0,121.21,1.0,,,118.0,1.0,,,114.0,2.0,,
83,Germany_Baseload#19#0#10000106,2021-10-08 06:30:39.556000,131.0,1.0,133.0,1.0,130.0,1.0,135.0,1.0,129.5,2.0,136.0,1.0,126.0,1.0,138.5,3.0,125.0,1.0,140.0,1.0,123.0,2.0,145.0,1.0,122.0,2.0,158.0,1.0,121.21,1.0,,,118.0,1.0,,,114.0,2.0,,
84,Germany_Baseload#19#0#10000106,2021-10-08 06:30:52.679000,131.0,1.0,135.0,1.0,130.0,1.0,136.0,1.0,129.5,2.0,138.5,3.0,126.0,1.0,140.0,1.0,125.0,1.0,145.0,1.0,123.0,2.0,158.0,1.0,122.0,2.0,,,121.21,1.0,,,118.0,1.0,,,114.0,2.0,,
85,Germany_Baseload#19#0#10000106,2021-10-08 06:31:04.322000,131.5,1.0,135.0,1.0,131.0,1.0,136.0,1.0,130.0,1.0,138.5,3.0,129.5,2.0,140.0,1.0,126.0,1.0,145.0,1.0,125.0,1.0,158.0,1.0,123.0,2.0,,,122.0,2.0,,,121.21,1.0,,,118.0,1.0,,
86,Germany_Baseload#19#0#10000106,2021-10-08 06:31:04.491000,131.5,1.0,135.0,1.0,131.0,1.0,136.0,1.0,130.0,1.0,138.5,3.0,129.5,2.0,140.0,1.0,126.75,1.0,145.0,1.0,126.0,1.0,158.0,1.0,125.0,1.0,,,123.0,2.0,,,122.0,2.0,,,121.21,1.0,,
87,Germany_Baseload#19#0#10000106,2021-10-08 06:31:07.022000,131.5,1.0,135.0,1.0,131.0,1.0,136.0,1.0,130.0,1.0,138.5,3.0,129.5,2.0,140.0,1.0,126.75,1.0,145.0,2.0,126.0,1.0,158.0,1.0,125.0,1.0,,,123.0,2.0,,,122.0,2.0,,,121.21,1.0,,
88,Germany_Baseload#19#0#10000106,2021-10-08 06:31:29.052000,131.0,1.0,135.0,1.0,130.0,1.0,136.0,1.0,129.5,2.0,138.5,3.0,126.75,1.0,140.0,1.0,126.0,1.0,145.0,2.0,125.0,1.0,158.0,1.0,123.0,2.0,,,122.0,2.0,,,121.21,1.0,,,118.0,1.0,,
89,Germany_Baseload#19#0#10000106,2021-10-08 06:31:29.114000,131.5,1.0,135.0,1.0,131.0,1.0,136.0,1.0,130.0,1.0,138.5,3.0,129.5,2.0,140.0,1.0,126.75,1.0,145.0,2.0,126.0,1.0,158.0,1.0,125.0,1.0,,,123.0,2.0,,,122.0,2.0,,,121.21,1.0,,
90,Germany_Baseload#19#0#10000106,2021-10-08 06:31:29.241000,131.5,1.0,135.0,1.0,131.0,1.0,136.0,1.0,130.0,1.0,138.5,3.0,129.5,2.0,140.0,1.0,126.0,1.0,145.0,2.0,125.0,1.0,158.0,1.0,123.0,2.0,,,122.0,2.0,,,121.21,1.0,,,118.0,1.0,,
91,Germany_Baseload#19#0#10000106,2021-10-08 06:31:42.483000,133.25,1.0,135.0,1.0,131.5,1.0,136.0,1.0,131.0,1.0,138.5,3.0,130.0,1.0,140.0,1.0,129.5,2.0,145.0,2.0,126.0,1.0,158.0,1.0,125.0,1.0,,,123.0,2.0,,,122.0,2.0,,,121.21,1.0,,
92,Germany_Baseload#19#0#10000106,2021-10-08 06:31:42.514000,133.25,1.0,135.0,1.0,133.22,1.0,136.0,1.0,131.5,1.0,138.5,3.0,131.0,1.0,140.0,1.0,130.0,1.0,145.0,2.0,129.5,2.0,158.0,1.0,126.0,1.0,,,125.0,1.0,,,123.0,2.0,,,122.0,2.0,,
93,Germany_Baseload#19#0#10000106,2021-10-08 06:31:42.530000,133.25,1.0,135.0,1.0,133.22,2.0,136.0,1.0,131.5,1.0,138.5,3.0,131.0,1.0,140.0,1.0,130.0,1.0,145.0,2.0,129.5,2.0,158.0,1.0,126.0,1.0,,,125.0,1.0,,,123.0,2.0,,,122.0,2.0,,
94,Germany_Baseload#19#0#10000106,2021-10-08 06:31:48.894000,133.25,1.0,135.0,1.0,133.22,2.0,136.0,1.0,131.5,1.0,138.0,1.0,131.0,1.0,138.5,3.0,130.0,1.0,140.0,1.0,129.5,2.0,145.0,2.0,126.0,1.0,158.0,1.0,125.0,1.0,,,123.0,2.0,,,122.0,2.0,,
95,Germany_Baseload#19#0#10000106,2021-10-08 06:31:48.895000,133.25,1.0,135.0,1.0,133.22,2.0,138.0,1.0,131.5,1.0,138.5,3.0,131.0,1.0,140.0,1.0,130.0,1.0,145.0,2.0,129.5,2.0,158.0,1.0,126.0,1.0,,,125.0,1.0,,,123.0,2.0,,,122.0,2.0,,
96,Germany_Baseload#19#0#10000106,2021-10-08 06:31:54.477000,133.25,1.0,138.0,1.0,133.22,2.0,138.5,3.0,131.5,1.0,140.0,1.0,131.0,1.0,145.0,2.0,130.0,1.0,158.0,1.0,129.5,2.0,,,126.0,1.0,,,125.0,1.0,,,123.0,2.0,,,122.0,2.0,,
97,Germany_Baseload#19#0#10000106,2021-10-08 06:31:56.022000,133.25,1.0,138.0,1.0,133.22,2.0,138.5,3.0,131.5,1.0,140.0,1.0,131.0,1.0,145.0,2.0,129.5,2.0,158.0,1.0,126.0,1.0,,,125.0,1.0,,,123.0,2.0,,,122.0,2.0,,,121.21,1.0,,
98,Germany_Baseload#19#0#10000106,2021-10-08 06:31:58.964000,133.25,1.0,138.0,2.0,133.22,2.0,138.5,3.0,131.5,1.0,140.0,1.0,131.0,1.0,145.0,2.0,129.5,2.0,158.0,1.0,126.0,1.0,,,125.0,1.0,,,123.0,2.0,,,122.0,2.0,,,121.21,1.0,,
99,Germany_Baseload#19#0#10000106,2021-10-08 06:32:06.867000,133.25,1.0,138.0,2.0,133.22,2.0,138.5,3.0,131.5,1.0,140.0,1.0,131.0,1.0,145.0,2.0,129.5,2.0,158.0,1.0,126.0,1.0,160.0,2.0,125.0,1.0,,,123.0,2.0,,,122.0,2.0,,,121.21,1.0,,
100,Germany_Baseload#19#0#10000106,2021-10-08 06:32:17.491000,133.25,1.0,137.91,1.0,133.22,2.0,138.0,2.0,131.5,1.0,138.5,3.0,131.0,1.0,140.0,1.0,129.5,2.0,145.0,2.0,126.0,1.0,158.0,1.0,125.0,1.0,160.0,2.0,123.0,2.0,,,122.0,2.0,,,121.21,1.0,,
101,Germany_Baseload#19#0#10000106,2021-10-08 06:32:19.148000,133.25,1.0,138.0,2.0,133.22,2.0,138.5,3.0,131.5,1.0,140.0,1.0,131.0,1.0,145.0,2.0,129.5,2.0,158.0,1.0,126.0,1.0,160.0,2.0,125.0,1.0,,,123.0,2.0,,,122.0,2.0,,,121.21,1.0,,
102,Germany_Baseload#19#0#10000106,2021-10-08 06:32:19.819000,133.25,1.0,138.0,2.0,133.22,2.0,138.5,3.0,131.5,1.0,140.0,1.0,131.0,1.0,145.0,2.0,129.5,2.0,158.0,1.0,126.0,1.0,160.0,2.0,125.0,1.0,,,123.0,2.0,,,122.0,2.0,,,121.21,1.0,,
103,Germany_Baseload#19#0#10000106,2021-10-08 06:32:28.850000,133.25,1.0,138.0,2.0,133.22,2.0,138.5,3.0,131.5,1.0,140.0,1.0,131.0,1.0,145.0,2.0,129.5,2.0,158.0,1.0,126.0,1.0,160.0,2.0,125.0,1.0,,,123.0,2.0,,,122.0,2.0,,,121.21,1.0,,
104,Germany_Baseload#19#0#10000106,2021-10-08 06:32:30.201000,133.25,1.0,136.0,1.0,133.22,2.0,138.0,2.0,131.5,1.0,138.5,3.0,131.0,1.0,140.0,1.0,129.5,2.0,145.0,2.0,126.0,1.0,158.0,1.0,125.0,1.0,160.0,2.0,123.0,2.0,,,122.0,2.0,,,121.21,1.0,,
105,Germany_Baseload#19#0#10000106,2021-10-08 06:32:46.400000,133.25,1.0,136.0,1.0,133.22,2.0,138.0,1.0,131.5,1.0,138.5,3.0,131.0,1.0,140.0,1.0,129.5,2.0,145.0,2.0,126.0,1.0,158.0,1.0,125.0,1.0,160.0,2.0,123.0,2.0,,,122.0,2.0,,,121.21,1.0,,
106,Germany_Baseload#19#0#10000106,2021-10-08 06:32:46.428000,133.25,1.0,136.0,1.0,133.22,2.0,137.0,1.0,131.5,1.0,138.0,1.0,131.0,1.0,138.5,3.0,129.5,2.0,140.0,1.0,126.0,1.0,145.0,2.0,125.0,1.0,158.0,1.0,123.0,2.0,160.0,2.0,122.0,2.0,,,121.21,1.0,,
107,Germany_Baseload#19#0#10000106,2021-10-08 06:32:54.187000,133.25,1.0,136.0,1.0,133.22,2.0,137.0,1.0,131.5,1.0,138.0,1.0,131.0,1.0,138.5,3.0,129.5,2.0,140.0,1.0,126.0,1.0,145.0,2.0,125.0,1.0,147.45,1.0,123.0,2.0,158.0,1.0,122.0,2.0,160.0,2.0,121.21,1.0,,
108,Germany_Baseload#19#0#10000106,2021-10-08 06:33:08.091000,133.25,1.0,136.0,5.0,133.22,2.0,137.0,1.0,131.5,1.0,138.0,1.0,131.0,1.0,138.5,3.0,129.5,2.0,140.0,1.0,126.0,1.0,145.0,2.0,125.0,1.0,147.45,1.0,123.0,2.0,158.0,1.0,122.0,2.0,160.0,2.0,121.21,1.0,,
109,Germany_Baseload#19#0#10000106,2021-10-08 06:34:07.681000,133.25,1.0,135.5,1.0,133.22,2.0,136.0,5.0,131.5,1.0,137.0,1.0,131.0,1.0,138.0,1.0,129.5,2.0,138.5,3.0,126.0,1.0,140.0,1.0,125.0,1.0,145.0,2.0,123.0,2.0,147.45,1.0,122.0,2.0,158.0,1.0,121.21,1.0,160.0,2.0
110,Germany_Baseload#19#0#10000106,2021-10-08 06:34:43.025000,133.25,1.0,135.5,1.0,133.22,2.0,136.0,5.0,131.5,1.0,138.0,1.0,131.0,1.0,138.5,3.0,129.5,2.0,140.0,1.0,126.0,1.0,145.0,2.0,125.0,1.0,147.45,1.0,123.0,2.0,158.0,1.0,122.0,2.0,160.0,2.0,121.21,1.0,,
111,Germany_Baseload#19#0#10000106,2021-10-08 06:34:43.051000,133.25,1.0,135.5,1.0,133.22,2.0,136.0,2.0,131.5,1.0,138.0,1.0,131.0,1.0,138.5,3.0,129.5,2.0,140.0,1.0,126.0,1.0,145.0,2.0,125.0,1.0,147.45,1.0,123.0,2.0,158.0,1.0,122.0,2.0,160.0,2.0,121.21,1.0,,
112,Germany_Baseload#19#0#10000106,2021-10-08 06:34:52.091000,133.25,1.0,135.5,1.0,133.22,2.0,136.0,2.0,131.5,1.0,138.0,1.0,131.0,1.0,138.5,3.0,129.5,2.0,140.0,1.0,126.0,1.0,145.0,2.0,125.0,1.0,147.45,1.0,123.0,2.0,158.0,1.0,122.0,2.0,160.0,2.0,121.21,1.0,,
113,Germany_Baseload#19#0#10000106,2021-10-08 06:35:12.220000,133.25,1.0,135.5,1.0,133.22,2.0,136.0,2.0,131.0,1.0,138.0,1.0,129.5,2.0,138.5,3.0,126.0,1.0,140.0,1.0,125.0,1.0,145.0,2.0,123.0,2.0,147.45,1.0,122.0,2.0,158.0,1.0,121.21,1.0,160.0,2.0,120.0,1.0,,
114,Germany_Baseload#19#0#10000106,2021-10-08 06:35:47.860000,133.25,1.0,135.0,1.0,133.22,2.0,135.5,1.0,131.0,1.0,136.0,7.0,129.5,2.0,138.0,1.0,126.0,1.0,138.5,3.0,125.0,1.0,140.0,1.0,123.0,2.0,145.0,2.0,122.0,2.0,147.45,1.0,121.21,1.0,158.0,1.0,120.0,1.0,160.0,2.0
115,Germany_Baseload#19#0#10000106,2021-10-08 06:36:00.845000,133.25,1.0,135.0,2.0,133.22,2.0,135.5,1.0,131.0,1.0,136.0,7.0,129.5,2.0,138.0,1.0,126.0,1.0,138.5,3.0,125.0,1.0,140.0,1.0,123.0,2.0,145.0,2.0,122.0,2.0,147.45,1.0,121.21,1.0,158.0,1.0,120.0,1.0,160.0,2.0
116,Germany_Baseload#19#0#10000106,2021-10-08 06:36:08.694000,133.25,1.0,135.0,2.0,133.22,2.0,135.5,1.0,131.0,1.0,136.0,7.0,129.5,2.0,138.0,1.0,126.0,1.0,138.5,3.0,125.0,1.0,140.0,1.0,123.0,2.0,145.0,2.0,122.0,2.0,147.45,1.0,121.21,1.0,158.0,1.0,120.0,1.0,160.0,2.0
117,Germany_Baseload#19#0#10000106,2021-10-08 06:36:09.618000,133.25,1.0,135.0,5.0,133.22,2.0,135.5,1.0,131.0,1.0,136.0,2.0,129.5,2.0,138.0,1.0,126.0,1.0,138.5,3.0,125.0,1.0,140.0,1.0,123.0,2.0,145.0,2.0,122.0,2.0,147.45,1.0,121.21,1.0,158.0,1.0,120.0,1.0,160.0,2.0
118,Germany_Baseload#19#0#10000106,2021-10-08 06:36:12.308000,133.25,1.0,135.0,5.0,133.22,2.0,135.5,1.0,131.0,1.0,136.0,2.0,129.5,2.0,137.0,2.0,126.0,1.0,138.0,1.0,125.0,1.0,138.5,3.0,123.0,2.0,140.0,1.0,122.0,2.0,145.0,2.0,121.21,1.0,147.45,1.0,120.0,1.0,158.0,1.0
119,Germany_Baseload#19#0#10000106,2021-10-08 06:36:27.319000,133.25,1.0,134.75,1.0,133.22,2.0,135.0,1.0,131.0,1.0,135.5,1.0,129.5,2.0,136.0,2.0,126.0,1.0,137.0,2.0,125.0,1.0,138.0,1.0,123.0,2.0,138.5,3.0,122.0,2.0,140.0,1.0,121.21,1.0,145.0,2.0,120.0,1.0,147.45,1.0
120,Germany_Baseload#19#0#10000106,2021-10-08 06:36:35.714000,133.25,1.0,133.25,1.0,133.22,2.0,134.75,1.0,131.0,1.0,135.0,1.0,129.5,2.0,135.5,1.0,126.0,1.0,136.0,2.0,125.0,1.0,137.0,2.0,123.0,2.0,138.0,1.0,122.0,2.0,138.5,3.0,121.21,1.0,140.0,1.0,120.0,1.0,145.0,2.0
121,Germany_Baseload#19#0#10000106,2021-10-08 06:36:35.745000,133.25,1.0,133.25,1.0,133.22,2.0,133.28,2.0,131.0,1.0,134.75,1.0,129.5,2.0,135.0,1.0,126.0,1.0,135.5,1.0,125.0,1.0,136.0,2.0,123.0,2.0,137.0,2.0,122.0,2.0,138.0,1.0,121.21,1.0,138.5,3.0,120.0,1.0,140.0,1.0
122,Germany_Baseload#19#0#10000106,2021-10-08 06:36:42.362000,133.25,1.0,133.25,1.0,133.22,2.0,133.28,2.0,131.0,1.0,134.75,1.0,129.5,2.0,135.0,1.0,126.0,1.0,136.0,2.0,125.0,1.0,137.0,2.0,123.0,2.0,138.0,1.0,122.0,2.0,138.5,3.0,121.21,1.0,140.0,1.0,120.0,1.0,145.0,2.0
123,Germany_Baseload#19#0#10000106,2021-10-08 06:36:42.364000,133.25,1.0,133.25,1.0,133.22,2.0,133.28,2.0,131.0,1.0,134.5,1.0,129.5,2.0,134.75,1.0,126.0,1.0,135.0,1.0,125.0,1.0,136.0,2.0,123.0,2.0,137.0,2.0,122.0,2.0,138.0,1.0,121.21,1.0,138.5,3.0,120.0,1.0,140.0,1.0
124,Germany_Baseload#19#0#10000106,2021-10-08 06:36:42.795000,133.22,2.0,133.25,1.0,131.0,1.0,133.28,2.0,129.5,2.0,134.5,1.0,126.0,1.0,134.75,1.0,125.0,1.0,135.0,1.0,123.0,2.0,136.0,2.0,122.0,2.0,137.0,2.0,121.21,1.0,138.0,1.0,120.0,1.0,138.5,3.0,114.0,2.0,140.0,1.0
125,Germany_Baseload#19#0#10000106,2021-10-08 06:36:42.841000,133.22,1.0,133.25,1.0,131.0,1.0,133.28,2.0,129.5,2.0,134.5,1.0,126.0,1.0,134.75,1.0,125.0,1.0,135.0,1.0,123.0,2.0,136.0,2.0,122.0,2.0,137.0,2.0,121.21,1.0,138.0,1.0,120.0,1.0,138.5,3.0,114.0,2.0,140.0,1.0
126,Germany_Baseload#19#0#10000106,2021-10-08 06:36:42.844000,131.0,1.0,133.25,1.0,129.5,2.0,133.28,2.0,126.0,1.0,134.5,1.0,125.0,1.0,134.75,1.0,123.0,2.0,135.0,1.0,122.0,2.0,136.0,2.0,121.21,1.0,137.0,2.0,120.0,1.0,138.0,1.0,114.0,2.0,138.5,3.0,110.0,1.0,140.0,1.0
127,Germany_Baseload#19#0#10000106,2021-10-08 06:36:46.604000,129.5,2.0,133.25,1.0,126.0,1.0,133.28,2.0,125.0,1.0,134.5,1.0,123.0,2.0,134.75,1.0,122.0,2.0,135.0,1.0,121.21,1.0,136.0,2.0,120.0,1.0,137.0,2.0,114.0,2.0,138.0,1.0,110.0,1.0,138.5,3.0,100.0,2.0,140.0,1.0
128,Germany_Baseload#19#0#10000106,2021-10-08 06:36:50.766000,129.5,1.0,133.25,1.0,126.0,1.0,133.28,2.0,125.0,1.0,134.5,1.0,123.0,2.0,134.75,1.0,122.0,2.0,135.0,1.0,121.21,1.0,136.0,2.0,120.0,1.0,137.0,2.0,114.0,2.0,138.0,1.0,110.0,1.0,138.5,3.0,100.0,2.0,140.0,1.0
129,Germany_Baseload#19#0#10000106,2021-10-08 06:36:56.760000,129.5,1.0,133.25,1.0,126.0,1.0,133.28,2.0,125.0,1.0,134.5,1.0,123.0,2.0,135.0,1.0,122.0,2.0,136.0,2.0,121.21,1.0,137.0,2.0,120.0,1.0,138.0,1.0,114.0,2.0,138.5,3.0,110.0,1.0,140.0,1.0,100.0,2.0,145.0,2.0
130,Germany_Baseload#19#0#10000106,2021-10-08 06:37:02.272000,132.0,1.0,133.25,4.0,131.0,1.0,134.5,1.0,130.0,1.0,135.0,1.0,129.5,2.0,136.0,2.0,126.75,1.0,137.0,2.0,126.0,1.0,138.0,1.0,125.0,1.0,138.5,3.0,123.0,2.0,140.0,1.0,122.0,2.0,145.0,2.0,121.21,1.0,147.45,1.0
131,Germany_Baseload#19#0#10000106,2021-10-08 06:37:05.414000,129.5,2.0,133.25,5.0,126.0,1.0,133.28,2.0,125.0,1.0,134.5,1.0,123.0,2.0,135.0,1.0,122.0,2.0,136.0,2.0,121.21,1.0,137.0,2.0,120.0,1.0,138.0,1.0,114.0,2.0,138.5,3.0,110.0,1.0,140.0,1.0,100.0,2.0,145.0,2.0
132,Germany_Baseload#19#0#10000106,2021-10-08 06:37:08.072000,130.0,1.0,133.25,5.0,129.5,2.0,133.28,2.0,126.0,1.0,134.5,1.0,125.0,1.0,135.0,1.0,123.0,2.0,136.0,2.0,122.0,2.0,137.0,2.0,121.21,1.0,138.0,1.0,120.0,1.0,138.5,3.0,114.0,2.0,140.0,1.0,110.0,1.0,145.0,2.0
133,Germany_Baseload#19#0#10000106,2021-10-08 06:37:14.298000,130.0,1.0,133.0,1.0,129.5,2.0,133.25,5.0,126.0,1.0,133.28,2.0,125.0,1.0,134.5,1.0,123.0,2.0,135.0,1.0,122.0,2.0,136.0,2.0,121.21,1.0,137.0,2.0,120.0,1.0,138.0,1.0,114.0,2.0,138.5,3.0,110.0,1.0,140.0,1.0
134,Germany_Baseload#19#0#10000106,2021-10-08 06:37:35.285000,130.0,2.0,133.0,1.0,129.5,2.0,133.25,5.0,126.0,1.0,133.28,2.0,125.0,1.0,134.5,1.0,123.0,2.0,135.0,1.0,122.0,2.0,136.0,2.0,121.21,1.0,137.0,2.0,120.0,1.0,138.0,1.0,114.0,2.0,138.5,3.0,110.0,1.0,140.0,1.0
135,Germany_Baseload#19#0#10000106,2021-10-08 06:37:44.926000,130.0,1.0,133.0,1.0,129.5,2.0,133.25,5.0,126.0,1.0,133.28,2.0,125.0,1.0,134.5,1.0,123.0,2.0,135.0,1.0,122.0,2.0,136.0,2.0,121.21,1.0,137.0,2.0,120.0,1.0,138.0,1.0,114.0,2.0,138.5,3.0,110.0,1.0,140.0,1.0
136,Germany_Baseload#19#0#10000106,2021-10-08 06:37:44.973000,131.0,1.0,133.0,1.0,130.0,1.0,133.25,5.0,129.5,2.0,133.28,2.0,126.0,1.0,134.5,1.0,125.0,1.0,135.0,1.0,123.0,2.0,136.0,2.0,122.0,2.0,137.0,2.0,121.21,1.0,138.0,1.0,120.0,1.0,138.5,3.0,114.0,2.0,140.0,1.0
137,Germany_Baseload#19#0#10000106,2021-10-08 06:37:59.098000,130.0,1.0,133.0,1.0,129.5,2.0,133.25,5.0,126.0,1.0,133.28,2.0,125.0,1.0,134.5,1.0,123.0,2.0,135.0,1.0,122.0,2.0,136.0,2.0,121.21,1.0,137.0,2.0,120.0,1.0,138.0,1.0,114.0,2.0,138.5,3.0,110.0,1.0,140.0,1.0
138,Germany_Baseload#19#0#10000106,2021-10-08 06:37:59.172000,131.0,1.0,133.0,1.0,130.0,1.0,133.25,5.0,129.5,2.0,133.28,2.0,126.0,1.0,134.5,1.0,125.0,1.0,135.0,1.0,123.0,2.0,136.0,2.0,122.0,2.0,137.0,2.0,121.21,1.0,138.0,1.0,120.0,1.0,138.5,3.0,114.0,2.0,140.0,1.0
139,Germany_Baseload#19#0#10000106,2021-10-08 06:38:33.196000,132.0,1.0,133.0,1.0,131.0,1.0,133.25,5.0,130.0,1.0,133.28,2.0,129.5,2.0,134.5,1.0,126.0,1.0,135.0,1.0,125.0,1.0,136.0,2.0,123.0,2.0,137.0,2.0,122.0,2.0,138.0,1.0,121.21,1.0,138.5,3.0,120.0,1.0,140.0,1.0
140,Germany_Baseload#19#0#10000106,2021-10-08 06:38:33.319000,132.0,1.0,133.0,1.0,131.0,1.0,133.25,5.0,130.0,1.0,133.28,2.0,129.5,2.0,134.5,1.0,126.75,1.0,135.0,1.0,126.0,1.0,136.0,2.0,125.0,1.0,137.0,2.0,123.0,2.0,138.0,1.0,122.0,2.0,138.5,3.0,121.21,1.0,140.0,1.0
141,Germany_Baseload#19#0#10000106,2021-10-08 06:38:35.885000,132.0,1.0,133.25,5.0,131.0,1.0,133.28,2.0,130.0,1.0,134.5,1.0,129.5,2.0,135.0,1.0,126.75,1.0,136.0,2.0,126.0,1.0,137.0,2.0,125.0,1.0,138.0,1.0,123.0,2.0,138.5,3.0,122.0,2.0,140.0,1.0,121.21,1.0,145.0,2.0
142,Germany_Baseload#19#0#10000106,2021-10-08 06:40:24.642000,132.0,1.0,133.25,5.0,131.0,1.0,133.28,2.0,130.0,1.0,134.5,1.0,129.5,2.0,135.0,1.0,126.75,1.0,136.0,2.0,126.0,1.0,137.0,2.0,125.0,1.0,138.0,1.0,123.0,2.0,138.5,3.0,122.0,2.0,140.0,1.0,121.21,1.0,145.0,2.0
143,Germany_Baseload#19#0#10000106,2021-10-08 06:40:24.678000,132.0,1.0,133.25,5.0,131.0,1.0,133.28,1.0,130.0,1.0,134.5,1.0,129.5,2.0,135.0,1.0,126.75,1.0,136.0,2.0,126.0,1.0,137.0,2.0,125.0,1.0,138.0,1.0,123.0,2.0,138.5,3.0,122.0,2.0,140.0,1.0,121.21,1.0,145.0,2.0
144,Germany_Baseload#19#0#10000106,2021-10-08 06:40:24.684000,132.0,1.0,133.25,5.0,131.0,1.0,134.5,1.0,130.0,1.0,135.0,1.0,129.5,2.0,136.0,2.0,126.75,1.0,137.0,2.0,126.0,1.0,138.0,1.0,125.0,1.0,138.5,3.0,123.0,2.0,140.0,1.0,122.0,2.0,145.0,2.0,121.21,1.0,147.45,1.0
145,Germany_Baseload#19#0#10000106,2021-10-08 06:40:35.531000,131.0,1.0,133.25,4.0,130.0,1.0,134.5,1.0,129.5,2.0,135.0,1.0,126.75,1.0,136.0,2.0,126.0,1.0,137.0,2.0,125.0,1.0,138.0,1.0,123.0,2.0,138.5,3.0,122.0,2.0,140.0,1.0,121.21,1.0,145.0,2.0,120.0,1.0,147.45,1.0
146,Germany_Baseload#19#0#10000106,2021-10-08 06:40:35.642000,131.0,1.0,133.25,4.0,130.0,1.0,134.5,1.0,129.5,2.0,135.0,1.0,126.0,1.0,136.0,2.0,125.0,1.0,137.0,2.0,123.0,2.0,138.0,1.0,122.0,2.0,138.5,3.0,121.21,1.0,140.0,1.0,120.0,1.0,145.0,2.0,114.0,2.0,147.45,1.0
147,Germany_Baseload#19#0#10000106,2021-10-08 06:41:08.493000,131.0,1.0,133.25,4.0,130.0,1.0,134.5,1.0,129.5,2.0,135.0,1.0,126.0,1.0,136.0,2.0,125.0,1.0,137.0,2.0,123.0,2.0,138.0,1.0,122.0,2.0,138.5,3.0,121.21,1.0,140.0,1.0,120.0,1.0,145.0,2.0,114.0,2.0,147.45,1.0
148,Germany_Baseload#19#0#10000106,2021-10-08 06:41:10.692000,131.0,1.0,133.25,4.0,130.0,1.0,134.5,1.0,129.5,2.0,135.0,1.0,126.0,1.0,136.0,2.0,125.0,1.0,137.0,1.0,123.0,2.0,138.0,1.0,122.0,2.0,138.5,3.0,121.21,1.0,140.0,1.0,120.0,1.0,145.0,2.0,114.0,2.0,147.45,1.0
149,Germany_Baseload#19#0#10000106,2021-10-08 06:41:17.413000,131.0,1.0,133.25,4.0,130.0,1.0,134.0,1.0,129.5,2.0,134.5,1.0,126.0,1.0,135.0,1.0,125.0,1.0,136.0,2.0,123.0,2.0,137.0,1.0,122.0,2.0,138.0,1.0,121.21,1.0,138.5,3.0,120.0,1.0,140.0,1.0,114.0,2.0,145.0,2.0
150,Germany_Baseload#19#0#10000106,2021-10-08 06:41:17.466000,131.0,1.0,133.25,4.0,130.0,1.0,134.0,1.0,129.5,2.0,134.5,1.0,126.0,1.0,135.0,1.0,125.0,1.0,136.0,2.0,123.0,2.0,137.0,1.0,122.0,2.0,138.0,1.0,121.21,1.0,138.5,3.0,120.0,1.0,140.0,1.0,114.0,2.0,145.0,2.0
151,Germany_Baseload#19#0#10000106,2021-10-08 06:41:19.830000,131.0,1.0,133.25,4.0,130.0,1.0,134.0,1.0,129.5,2.0,134.5,1.0,126.0,1.0,135.0,1.0,125.0,1.0,136.0,2.0,123.0,2.0,137.0,2.0,122.0,2.0,138.0,1.0,121.21,1.0,138.5,3.0,120.0,1.0,140.0,1.0,114.0,2.0,145.0,2.0
152,Germany_Baseload#19#0#10000106,2021-10-08 06:41:29.054000,131.0,1.0,133.25,4.0,130.0,1.0,133.95,1.0,129.5,2.0,134.0,1.0,126.0,1.0,134.5,1.0,125.0,1.0,135.0,1.0,123.0,2.0,136.0,2.0,122.0,2.0,137.0,2.0,121.21,1.0,138.0,1.0,120.0,1.0,138.5,3.0,114.0,2.0,140.0,1.0
153,Germany_Baseload#19#0#10000106,2021-10-08 06:41:32.667000,131.0,1.0,132.8,1.0,130.0,1.0,133.25,4.0,129.5,2.0,133.95,1.0,126.0,1.0,134.0,1.0,125.0,1.0,134.5,1.0,123.0,2.0,135.0,1.0,122.0,2.0,136.0,2.0,121.21,1.0,137.0,2.0,120.0,1.0,138.0,1.0,114.0,2.0,138.5,3.0
154,Germany_Baseload#19#0#10000106,2021-10-08 06:41:52.731000,131.0,1.0,133.25,4.0,130.0,1.0,133.95,1.0,129.5,2.0,134.0,1.0,126.0,1.0,134.5,1.0,125.0,1.0,135.0,1.0,123.0,2.0,136.0,2.0,122.0,2.0,137.0,2.0,121.21,1.0,138.0,1.0,120.0,1.0,138.5,3.0,114.0,2.0,140.0,1.0
155,Germany_Baseload#19#0#10000106,2021-10-08 06:41:52.831000,131.0,1.0,132.8,1.0,130.0,1.0,133.25,4.0,129.5,2.0,133.95,1.0,126.0,1.0,134.0,1.0,125.0,1.0,134.5,1.0,123.0,2.0,135.0,1.0,122.0,2.0,136.0,2.0,121.21,1.0,137.0,2.0,120.0,1.0,138.0,1.0,114.0,2.0,138.5,3.0
156,Germany_Baseload#19#0#10000106,2021-10-08 06:41:57.729000,131.0,1.0,133.25,4.0,130.0,1.0,133.95,1.0,129.5,2.0,134.0,1.0,126.0,1.0,134.5,1.0,125.0,1.0,135.0,1.0,123.0,2.0,136.0,2.0,122.0,2.0,137.0,2.0,121.21,1.0,138.0,1.0,120.0,1.0,138.5,3.0,114.0,2.0,140.0,1.0
157,Germany_Baseload#19#0#10000106,2021-10-08 06:41:58.074000,131.0,1.0,132.55,1.0,130.0,1.0,133.25,4.0,129.5,2.0,133.95,1.0,126.0,1.0,134.0,1.0,125.0,1.0,134.5,1.0,123.0,2.0,135.0,1.0,122.0,2.0,136.0,2.0,121.21,1.0,137.0,2.0,120.0,1.0,138.0,1.0,114.0,2.0,138.5,3.0
158,Germany_Baseload#19#0#10000106,2021-10-08 06:42:01.451000,130.0,1.0,132.55,1.0,129.5,2.0,133.25,4.0,126.0,1.0,133.95,1.0,125.0,1.0,134.0,1.0,123.0,2.0,134.5,1.0,122.0,2.0,135.0,1.0,121.21,1.0,136.0,2.0,120.0,1.0,137.0,2.0,114.0,2.0,138.0,1.0,110.0,1.0,138.5,3.0
159,Germany_Baseload#19#0#10000106,2021-10-08 06:42:02.636000,130.0,2.0,132.55,1.0,129.5,2.0,133.25,4.0,126.0,1.0,133.95,1.0,125.0,1.0,134.0,1.0,123.0,2.0,134.5,1.0,122.0,2.0,135.0,1.0,121.21,1.0,136.0,2.0,120.0,1.0,137.0,2.0,114.0,2.0,138.0,1.0,110.0,1.0,138.5,3.0
160,Germany_Baseload#19#0#10000106,2021-10-08 06:42:05.316000,130.0,1.0,132.55,1.0,129.5,2.0,133.25,4.0,126.0,1.0,133.95,1.0,125.0,1.0,134.0,1.0,123.0,2.0,134.5,1.0,122.0,2.0,135.0,1.0,121.21,1.0,136.0,2.0,120.0,1.0,137.0,2.0,114.0,2.0,138.0,1.0,110.0,1.0,138.5,3.0
161,Germany_Baseload#19#0#10000106,2021-10-08 06:42:05.410000,129.5,1.0,132.55,1.0,126.0,1.0,133.25,4.0,125.0,1.0,133.95,1.0,123.0,2.0,134.0,1.0,122.0,2.0,134.5,1.0,121.21,1.0,135.0,1.0,120.0,1.0,136.0,2.0,114.0,2.0,137.0,2.0,110.0,1.0,138.0,1.0,100.0,2.0,138.5,3.0
162,Germany_Baseload#19#0#10000106,2021-10-08 06:42:15.964000,129.5,1.0,132.55,1.0,128.1,1.0,133.25,4.0,126.0,1.0,133.95,1.0,125.0,1.0,134.0,1.0,123.0,2.0,134.5,1.0,122.0,2.0,135.0,1.0,121.21,1.0,136.0,2.0,120.0,1.0,137.0,2.0,114.0,2.0,138.0,1.0,110.0,1.0,138.5,3.0
163,Germany_Baseload#19#0#10000106,2021-10-08 06:42:15.968000,130.0,1.0,132.55,1.0,129.5,1.0,133.25,4.0,128.1,1.0,133.95,1.0,126.0,1.0,134.0,1.0,125.0,1.0,134.5,1.0,123.0,2.0,135.0,1.0,122.0,2.0,136.0,2.0,121.21,1.0,137.0,2.0,120.0,1.0,138.0,1.0,114.0,2.0,138.5,3.0
164,Germany_Baseload#19#0#10000106,2021-10-08 06:42:15.999000,130.0,1.0,132.55,1.0,129.97,1.0,133.25,4.0,129.5,1.0,133.95,1.0,128.1,1.0,134.0,1.0,126.0,1.0,134.5,1.0,125.0,1.0,135.0,1.0,123.0,2.0,136.0,2.0,122.0,2.0,137.0,2.0,121.21,1.0,138.0,1.0,120.0,1.0,138.5,3.0
165,Germany_Baseload#19#0#10000106,2021-10-08 06:42:16.015000,130.0,1.0,132.55,1.0,129.97,2.0,133.25,4.0,129.5,1.0,133.95,1.0,128.1,1.0,134.0,1.0,126.0,1.0,134.5,1.0,125.0,1.0,135.0,1.0,123.0,2.0,136.0,2.0,122.0,2.0,137.0,2.0,121.21,1.0,138.0,1.0,120.0,1.0,138.5,3.0
166,Germany_Baseload#19#0#10000106,2021-10-08 06:42:16.152000,130.0,1.0,132.55,1.0,129.97,2.0,133.25,4.0,129.5,2.0,133.95,1.0,128.1,1.0,134.0,1.0,126.0,1.0,134.5,1.0,125.0,1.0,135.0,1.0,123.0,2.0,136.0,2.0,122.0,2.0,137.0,2.0,121.21,1.0,138.0,1.0,120.0,1.0,138.5,3.0
167,Germany_Baseload#19#0#10000106,2021-10-08 06:42:16.304000,130.0,1.0,132.55,1.0,129.97,2.0,133.25,4.0,129.5,2.0,133.95,1.0,128.1,1.0,134.0,1.0,126.0,1.0,134.5,1.0,125.25,1.0,135.0,1.0,125.0,1.0,136.0,2.0,123.0,2.0,137.0,2.0,122.0,2.0,138.0,1.0,121.21,1.0,138.5,3.0
168,Germany_Baseload#19#0#10000106,2021-10-08 06:42:19.060000,130.0,1.0,132.55,1.0,129.97,2.0,133.25,4.0,129.5,2.0,133.95,1.0,126.0,1.0,134.0,1.0,125.25,1.0,134.5,1.0,125.0,1.0,135.0,1.0,123.0,2.0,136.0,2.0,122.0,2.0,137.0,2.0,121.21,1.0,138.0,1.0,120.0,1.0,138.5,3.0
169,Germany_Baseload#19#0#10000106,2021-10-08 06:42:19.120000,130.0,1.0,132.55,1.0,129.97,2.0,133.25,4.0,129.5,2.0,133.95,1.0,126.0,1.0,134.0,1.0,125.25,1.0,134.5,1.0,125.0,1.0,135.0,1.0,123.0,2.0,136.0,2.0,122.0,2.0,137.0,2.0,121.21,1.0,138.0,1.0,120.0,1.0,138.5,3.0
170,Germany_Baseload#19#0#10000106,2021-10-08 06:42:19.240000,130.0,1.0,132.55,1.0,129.97,2.0,133.25,4.0,129.5,2.0,133.95,1.0,126.0,1.0,134.0,1.0,125.0,1.0,134.5,1.0,123.0,2.0,135.0,1.0,122.0,2.0,136.0,2.0,121.21,1.0,137.0,2.0,120.0,1.0,138.0,1.0,114.0,2.0,138.5,3.0
171,Germany_Baseload#19#0#10000106,2021-10-08 06:42:26.258000,130.0,1.0,132.55,1.0,129.97,2.0,133.25,4.0,129.5,2.0,133.95,1.0,126.0,1.0,134.0,1.0,125.0,1.0,134.5,1.0,124.85,2.0,135.0,1.0,123.0,2.0,136.0,2.0,122.0,2.0,137.0,2.0,121.21,1.0,138.0,1.0,120.0,1.0,138.5,3.0
172,Germany_Baseload#19#0#10000106,2021-10-08 06:42:42.956000,130.0,1.0,132.55,1.0,129.97,2.0,133.25,4.0,129.5,2.0,133.95,1.0,126.0,1.0,134.0,1.0,125.0,1.0,134.5,1.0,124.85,2.0,135.0,1.0,123.0,2.0,136.0,2.0,122.0,2.0,137.0,2.0,121.21,1.0,138.0,1.0,120.0,1.0,138.5,3.0
173,Germany_Baseload#19#0#10000106,2021-10-08 06:42:49.534000,130.0,1.0,132.55,1.0,129.97,2.0,133.25,4.0,129.5,2.0,133.95,1.0,126.0,1.0,134.0,1.0,125.0,1.0,134.5,1.0,124.85,2.0,135.0,1.0,123.0,2.0,136.0,2.0,122.0,2.0,137.0,2.0,121.21,1.0,138.0,1.0,120.0,1.0,138.5,3.0
174,Germany_Baseload#19#0#10000106,2021-10-08 06:42:49.557000,130.0,1.0,132.55,1.0,129.97,2.0,133.25,4.0,129.5,2.0,133.95,1.0,126.0,1.0,134.0,1.0,125.0,1.0,134.5,1.0,124.85,2.0,135.0,1.0,123.0,2.0,136.0,2.0,122.0,2.0,137.0,2.0,121.21,1.0,138.0,1.0,120.0,1.0,138.5,3.0
175,Germany_Baseload#19#0#10000106,2021-10-08 06:42:54.482000,130.0,1.0,132.55,1.0,129.97,2.0,133.25,4.0,129.5,2.0,133.95,1.0,126.0,1.0,134.0,1.0,125.0,1.0,134.5,1.0,124.85,2.0,135.0,1.0,123.0,2.0,136.0,2.0,122.0,2.0,137.0,2.0,121.21,1.0,138.0,1.0,120.0,1.0,138.5,3.0
176,Germany_Baseload#19#0#10000106,2021-10-08 06:42:55.026000,130.0,1.0,132.55,1.0,129.97,2.0,133.25,4.0,129.75,1.0,133.95,1.0,129.5,2.0,134.0,1.0,126.0,1.0,134.5,1.0,125.0,1.0,135.0,1.0,124.85,2.0,136.0,2.0,123.0,2.0,137.0,2.0,122.0,2.0,138.0,1.0,121.21,1.0,138.5,3.0
177,Germany_Baseload#19#0#10000106,2021-10-08 06:42:55.260000,130.0,1.0,132.55,1.0,129.97,2.0,133.25,4.0,129.75,1.0,133.95,1.0,129.5,2.0,134.0,1.0,126.0,1.0,134.5,1.0,125.0,1.0,135.0,1.0,124.85,3.0,136.0,2.0,123.0,2.0,137.0,2.0,122.0,2.0,138.0,1.0,121.21,1.0,138.5,3.0
178,Germany_Baseload#19#0#10000106,2021-10-08 06:43:07.723000,130.0,1.0,132.65,1.0,129.97,2.0,133.25,4.0,129.75,1.0,133.95,1.0,129.5,2.0,134.0,1.0,126.0,1.0,134.5,1.0,125.0,1.0,135.0,1.0,124.85,3.0,136.0,2.0,123.0,2.0,137.0,2.0,122.0,2.0,138.0,1.0,121.21,1.0,138.5,3.0
179,Germany_Baseload#19#0#10000106,2021-10-08 06:43:11.331000,130.0,1.0,132.65,1.0,129.97,2.0,133.25,4.0,129.75,1.0,133.95,1.0,129.5,2.0,134.0,1.0,126.0,1.0,134.5,1.0,125.0,1.0,135.0,1.0,124.85,3.0,136.0,2.0,123.0,2.0,137.0,2.0,122.0,2.0,138.0,1.0,121.21,1.0,138.5,3.0
180,Germany_Baseload#19#0#10000106,2021-10-08 06:43:12.171000,130.0,1.0,132.65,1.0,129.97,2.0,133.25,4.0,129.75,1.0,133.95,1.0,129.5,2.0,134.0,1.0,126.0,1.0,134.5,1.0,125.0,1.0,135.0,1.0,124.15,3.0,136.0,2.0,123.0,2.0,137.0,2.0,122.0,2.0,138.0,1.0,121.21,1.0,138.5,3.0
181,Germany_Baseload#19#0#10000106,2021-10-08 06:43:12.286000,130.0,1.0,132.65,1.0,129.97,2.0,133.25,4.0,129.75,1.0,133.95,1.0,129.5,2.0,134.0,1.0,126.0,1.0,134.5,1.0,125.0,1.0,135.0,1.0,124.15,3.0,136.0,2.0,123.5,3.0,137.0,2.0,123.0,2.0,138.0,1.0,122.0,2.0,138.5,3.0
182,Germany_Baseload#19#0#10000106,2021-10-08 06:43:12.287000,130.0,1.0,132.65,1.0,129.97,2.0,133.25,4.0,129.75,1.0,133.95,1.0,129.5,2.0,134.0,1.0,126.0,1.0,134.5,1.0,125.0,1.0,135.0,1.0,123.5,3.0,136.0,2.0,123.0,2.0,137.0,2.0,122.0,2.0,138.0,1.0,121.21,1.0,138.5,3.0
183,Germany_Baseload#19#0#10000106,2021-10-08 06:43:20.225000,130.0,1.0,132.65,1.0,129.97,2.0,133.25,4.0,129.75,1.0,133.95,1.0,129.5,2.0,134.0,1.0,126.0,1.0,134.5,1.0,125.0,1.0,135.0,1.0,123.5,3.0,136.0,2.0,123.0,2.0,137.0,2.0,122.0,2.0,138.0,1.0,121.21,1.0,138.5,3.0
184,Germany_Baseload#19#0#10000106,2021-10-08 06:44:24.171000,130.0,1.0,132.1,1.0,129.97,2.0,133.25,4.0,129.75,1.0,133.95,1.0,129.5,2.0,134.0,1.0,126.0,1.0,134.5,1.0,125.0,1.0,135.0,1.0,123.5,3.0,136.0,2.0,123.0,2.0,137.0,2.0,122.0,2.0,138.0,1.0,121.21,1.0,138.5,3.0
185,Germany_Baseload#19#0#10000106,2021-10-08 06:45:28.039000,130.0,1.0,132.1,1.0,129.97,2.0,132.65,1.0,129.75,1.0,133.25,4.0,129.5,2.0,133.95,1.0,126.0,1.0,134.0,1.0,125.0,1.0,134.5,1.0,123.5,3.0,135.0,1.0,123.0,2.0,136.0,2.0,122.0,2.0,137.0,2.0,121.21,1.0,138.0,1.0
186,Germany_Baseload#19#0#10000106,2021-10-08 06:45:28.040000,130.0,1.0,132.65,1.0,129.97,2.0,133.25,4.0,129.75,1.0,133.95,1.0,129.5,2.0,134.0,1.0,126.0,1.0,134.5,1.0,125.0,1.0,135.0,1.0,123.5,3.0,136.0,2.0,123.0,2.0,137.0,2.0,122.0,2.0,138.0,1.0,121.21,1.0,138.5,3.0
187,Germany_Baseload#19#0#10000106,2021-10-08 06:45:29.633000,130.0,1.0,133.25,4.0,129.97,2.0,133.95,1.0,129.75,1.0,134.0,1.0,129.5,2.0,134.5,1.0,126.0,1.0,135.0,1.0,125.0,1.0,136.0,2.0,123.5,3.0,137.0,2.0,123.0,2.0,138.0,1.0,122.0,2.0,138.5,3.0,121.21,1.0,140.0,1.0
188,Germany_Baseload#19#0#10000106,2021-10-08 06:45:36.694000,130.0,1.0,132.0,2.0,129.97,2.0,132.4,1.0,129.75,1.0,133.25,4.0,129.5,2.0,133.95,1.0,126.0,1.0,134.0,1.0,125.0,1.0,134.5,1.0,123.5,3.0,135.0,1.0,123.0,2.0,136.0,2.0,122.0,2.0,137.0,2.0,121.21,1.0,138.0,1.0
189,Germany_Baseload#19#0#10000106,2021-10-08 06:45:36.748000,130.0,1.0,132.0,2.0,129.97,2.0,133.25,4.0,129.75,1.0,133.95,1.0,129.5,2.0,134.0,1.0,126.0,1.0,134.5,1.0,125.0,1.0,135.0,1.0,123.5,3.0,136.0,2.0,123.0,2.0,137.0,2.0,122.0,2.0,138.0,1.0,121.21,1.0,138.5,3.0
190,Germany_Baseload#19#0#10000106,2021-10-08 06:45:36.905000,130.0,1.0,132.0,3.0,129.97,2.0,133.25,4.0,129.75,1.0,133.95,1.0,129.5,2.0,134.0,1.0,126.0,1.0,134.5,1.0,125.0,1.0,135.0,1.0,123.5,3.0,136.0,2.0,123.0,2.0,137.0,2.0,122.0,2.0,138.0,1.0,121.21,1.0,138.5,3.0
191,Germany_Baseload#19#0#10000106,2021-10-08 06:45:46.053000,130.0,1.0,132.0,3.0,129.97,2.0,133.25,4.0,129.5,2.0,133.95,1.0,126.0,1.0,134.0,1.0,125.0,1.0,134.5,1.0,123.5,3.0,135.0,1.0,123.0,2.0,136.0,2.0,122.0,2.0,137.0,2.0,121.21,1.0,138.0,1.0,120.0,1.0,138.5,3.0
192,Germany_Baseload#19#0#10000106,2021-10-08 06:45:46.228000,130.0,1.0,132.0,3.0,129.97,2.0,133.25,4.0,129.5,2.0,133.95,1.0,126.0,1.0,134.0,1.0,125.0,1.0,134.5,1.0,123.45,2.0,135.0,1.0,123.0,2.0,136.0,2.0,122.0,2.0,137.0,2.0,121.21,1.0,138.0,1.0,120.0,1.0,138.5,3.0
193,Germany_Baseload#19#0#10000106,2021-10-08 06:45:46.521000,130.0,1.0,131.5,2.0,129.97,2.0,132.0,1.0,129.5,2.0,133.25,4.0,126.0,1.0,133.95,1.0,125.0,1.0,134.0,1.0,123.45,2.0,134.5,1.0,123.0,2.0,135.0,1.0,122.0,2.0,136.0,2.0,121.21,1.0,137.0,2.0,120.0,1.0,138.0,1.0
194,Germany_Baseload#19#0#10000106,2021-10-08 06:45:46.688000,130.0,1.0,131.5,2.0,129.97,2.0,132.4,1.0,129.5,2.0,133.25,4.0,126.0,1.0,133.95,1.0,125.0,1.0,134.0,1.0,123.45,2.0,134.5,1.0,123.0,2.0,135.0,1.0,122.0,2.0,136.0,2.0,121.21,1.0,137.0,2.0,120.0,1.0,138.0,1.0
195,Germany_Baseload#19#0#10000106,2021-10-08 06:45:54.080000,130.0,1.0,131.5,2.0,129.97,2.0,133.25,4.0,129.5,2.0,133.95,1.0,126.0,1.0,134.0,1.0,125.0,1.0,134.5,1.0,123.45,2.0,135.0,1.0,123.0,2.0,136.0,2.0,122.0,2.0,137.0,2.0,121.21,1.0,138.0,1.0,120.0,1.0,138.5,3.0
196,Germany_Baseload#19#0#10000106,2021-10-08 06:46:11.581000,131.0,1.0,131.5,2.0,130.0,1.0,133.25,4.0,129.97,2.0,133.95,1.0,129.5,2.0,134.0,1.0,126.0,1.0,134.5,1.0,125.0,1.0,135.0,1.0,123.45,2.0,136.0,2.0,123.0,2.0,137.0,2.0,122.0,2.0,138.0,1.0,121.21,1.0,138.5,3.0
197,Germany_Baseload#19#0#10000106,2021-10-08 06:46:11.612000,131.0,1.0,131.5,2.0,130.97,2.0,133.25,4.0,130.0,1.0,133.95,1.0,129.5,2.0,134.0,1.0,126.0,1.0,134.5,1.0,125.0,1.0,135.0,1.0,123.45,2.0,136.0,2.0,123.0,2.0,137.0,2.0,122.0,2.0,138.0,1.0,121.21,1.0,138.5,3.0
198,Germany_Baseload#19#0#10000106,2021-10-08 06:46:11.614000,131.0,1.0,131.5,2.0,130.0,1.0,133.25,4.0,129.97,1.0,133.95,1.0,129.5,2.0,134.0,1.0,126.0,1.0,134.5,1.0,125.0,1.0,135.0,1.0,123.45,2.0,136.0,2.0,123.0,2.0,137.0,2.0,122.0,2.0,138.0,1.0,121.21,1.0,138.5,3.0
199,Germany_Baseload#19#0#10000106,2021-10-08 06:46:11.619000,131.0,1.0,131.5,2.0,130.0,1.0,133.25,4.0,129.5,2.0,133.95,1.0,126.0,1.0,134.0,1.0,125.0,1.0,134.5,1.0,123.45,2.0,135.0,1.0,123.0,2.0,136.0,2.0,122.0,2.0,137.0,2.0,121.21,1.0,138.0,1.0,120.0,1.0,138.5,3.0
200,Germany_Baseload#19#0#10000106,2021-10-08 06:46:11.626000,131.0,1.0,131.0,1.0,130.97,2.0,131.5,2.0,130.0,1.0,133.25,4.0,129.5,2.0,133.95,1.0,126.0,1.0,134.0,1.0,125.0,1.0,134.5,1.0,123.45,2.0,135.0,1.0,123.0,2.0,136.0,2.0,122.0,2.0,137.0,2.0,121.21,1.0,138.0,1.0
201,Germany_Baseload#19#0#10000106,2021-10-08 06:46:16.722000,130.97,2.0,131.0,1.0,130.0,1.0,131.5,2.0,129.5,2.0,133.25,4.0,126.0,1.0,133.95,1.0,125.0,1.0,134.0,1.0,123.45,2.0,134.5,1.0,123.0,2.0,135.0,1.0,122.0,2.0,136.0,2.0,121.21,1.0,137.0,2.0,120.0,1.0,138.0,1.0
202,Germany_Baseload#19#0#10000106,2021-10-08 06:46:16.767000,130.97,1.0,131.0,1.0,130.0,1.0,131.5,2.0,129.5,2.0,133.25,4.0,126.0,1.0,133.95,1.0,125.0,1.0,134.0,1.0,123.45,2.0,134.5,1.0,123.0,2.0,135.0,1.0,122.0,2.0,136.0,2.0,121.21,1.0,137.0,2.0,120.0,1.0,138.0,1.0
203,Germany_Baseload#19#0#10000106,2021-10-08 06:46:16.769000,130.0,1.0,131.0,1.0,129.97,2.0,131.5,2.0,129.5,2.0,133.25,4.0,126.0,1.0,133.95,1.0,125.0,1.0,134.0,1.0,123.45,2.0,134.5,1.0,123.0,2.0,135.0,1.0,122.0,2.0,136.0,2.0,121.21,1.0,137.0,2.0,120.0,1.0,138.0,1.0
204,Germany_Baseload#19#0#10000106,2021-10-08 06:46:16.771000,130.0,1.0,131.0,1.0,129.5,2.0,131.5,2.0,126.0,1.0,133.25,4.0,125.0,1.0,133.95,1.0,123.45,2.0,134.0,1.0,123.0,2.0,134.5,1.0,122.0,2.0,135.0,1.0,121.21,1.0,136.0,2.0,120.0,1.0,137.0,2.0,114.0,2.0,138.0,1.0
205,Germany_Baseload#19#0#10000106,2021-10-08 06:46:17.470000,130.0,1.0,131.5,2.0,129.97,2.0,133.25,4.0,129.5,2.0,133.95,1.0,126.0,1.0,134.0,1.0,125.0,1.0,134.5,1.0,123.45,2.0,135.0,1.0,123.0,2.0,136.0,2.0,122.0,2.0,137.0,2.0,121.21,1.0,138.0,1.0,120.0,1.0,138.5,3.0
206,Germany_Baseload#19#0#10000106,2021-10-08 06:46:19.341000,130.0,1.0,131.5,3.0,129.97,2.0,133.25,4.0,129.5,2.0,133.95,1.0,126.0,1.0,134.0,1.0,125.0,1.0,134.5,1.0,123.45,2.0,135.0,1.0,123.0,2.0,136.0,2.0,122.0,2.0,137.0,2.0,121.21,1.0,138.0,1.0,120.0,1.0,138.5,3.0
207,Germany_Baseload#19#0#10000106,2021-10-08 06:46:22.399000,130.0,1.0,131.0,1.0,129.97,2.0,131.8,2.0,129.5,2.0,133.25,4.0,126.0,1.0,133.95,1.0,125.0,1.0,134.0,1.0,123.45,2.0,134.5,1.0,123.0,2.0,135.0,1.0,122.0,2.0,136.0,2.0,121.21,1.0,137.0,2.0,120.0,1.0,138.0,1.0
208,Germany_Baseload#19#0#10000106,2021-10-08 06:46:22.563000,130.0,1.0,131.0,2.0,129.97,2.0,131.8,1.0,129.5,2.0,133.25,4.0,126.0,1.0,133.95,1.0,125.0,1.0,134.0,1.0,123.45,2.0,134.5,1.0,123.0,2.0,135.0,1.0,122.0,2.0,136.0,2.0,121.21,1.0,137.0,2.0,120.0,1.0,138.0,1.0
209,Germany_Baseload#19#0#10000106,2021-10-08 06:46:24.629000,130.0,1.0,131.0,2.0,129.97,2.0,131.8,2.0,129.5,2.0,133.25,4.0,126.0,1.0,133.95,1.0,125.0,1.0,134.0,1.0,123.45,2.0,134.5,1.0,123.0,2.0,135.0,1.0,122.0,2.0,136.0,2.0,121.21,1.0,137.0,2.0,120.0,1.0,138.0,1.0
210,Germany_Baseload#19#0#10000106,2021-10-08 06:46:56.803000,130.0,1.0,131.0,1.0,129.97,2.0,131.75,1.0,129.5,2.0,131.8,2.0,126.0,1.0,133.25,4.0,125.0,1.0,133.95,1.0,123.45,2.0,134.0,1.0,123.0,2.0,134.5,1.0,122.0,2.0,135.0,1.0,121.21,1.0,136.0,2.0,120.0,1.0,137.0,2.0
211,Germany_Baseload#19#0#10000106,2021-10-08 06:46:56.897000,130.0,1.0,131.0,1.0,129.97,2.0,131.75,3.0,129.5,2.0,133.25,4.0,126.0,1.0,133.95,1.0,125.0,1.0,134.0,1.0,123.45,2.0,134.5,1.0,123.0,2.0,135.0,1.0,122.0,2.0,136.0,2.0,121.21,1.0,137.0,2.0,120.0,1.0,138.0,1.0
212,Germany_Baseload#19#0#10000106,2021-10-08 06:47:10.015000,130.0,1.0,131.75,3.0,129.97,2.0,133.25,4.0,129.5,2.0,133.95,1.0,126.0,1.0,134.0,1.0,125.0,1.0,134.5,1.0,123.45,2.0,135.0,1.0,123.0,2.0,136.0,2.0,122.0,2.0,137.0,2.0,121.21,1.0,138.0,1.0,120.0,1.0,138.5,3.0
213,Germany_Baseload#19#0#10000106,2021-10-08 06:47:10.044000,130.0,1.0,131.0,1.0,129.97,2.0,131.75,3.0,129.5,2.0,133.25,4.0,126.0,1.0,133.95,1.0,125.0,1.0,134.0,1.0,123.45,2.0,134.5,1.0,123.0,2.0,135.0,1.0,122.0,2.0,136.0,2.0,121.21,1.0,137.0,2.0,120.0,1.0,138.0,1.0
214,Germany_Baseload#19#0#10000106,2021-10-08 06:47:12.748000,130.0,1.0,131.75,3.0,129.97,2.0,133.25,4.0,129.5,2.0,133.95,1.0,126.0,1.0,134.0,1.0,125.0,1.0,134.5,1.0,123.45,2.0,135.0,1.0,123.0,2.0,136.0,2.0,122.0,2.0,137.0,2.0,121.21,1.0,138.0,1.0,120.0,1.0,138.5,3.0
215,Germany_Baseload#19#0#10000106,2021-10-08 06:47:14.082000,130.0,1.0,131.75,2.0,129.97,2.0,133.25,4.0,129.5,2.0,133.95,1.0,126.0,1.0,134.0,1.0,125.0,1.0,134.5,1.0,123.45,2.0,135.0,1.0,123.0,2.0,136.0,2.0,122.0,2.0,137.0,2.0,121.21,1.0,138.0,1.0,120.0,1.0,138.5,3.0
216,Germany_Baseload#19#0#10000106,2021-10-08 06:47:24.222000,130.0,1.0,131.15,1.0,129.97,2.0,131.75,2.0,129.5,2.0,133.25,4.0,126.0,1.0,133.95,1.0,125.0,1.0,134.0,1.0,123.45,2.0,134.5,1.0,123.0,2.0,135.0,1.0,122.0,2.0,136.0,2.0,121.21,1.0,137.0,2.0,120.0,1.0,138.0,1.0
217,Germany_Baseload#19#0#10000106,2021-10-08 06:47:25.123000,130.0,1.0,131.15,1.0,129.97,2.0,131.75,2.0,129.5,2.0,133.25,4.0,129.0,1.0,133.95,1.0,126.0,1.0,134.0,1.0,125.0,1.0,134.5,1.0,123.45,2.0,135.0,1.0,123.0,2.0,136.0,2.0,122.0,2.0,137.0,2.0,121.21,1.0,138.0,1.0
218,Germany_Baseload#19#0#10000106,2021-10-08 06:47:25.233000,130.0,1.0,131.15,1.0,129.97,2.0,131.75,2.0,129.5,2.0,133.25,4.0,129.0,1.0,133.95,1.0,126.0,1.0,134.0,1.0,125.0,1.0,134.5,1.0,124.75,2.0,135.0,1.0,123.0,2.0,136.0,2.0,122.0,2.0,137.0,2.0,121.21,1.0,138.0,1.0
219,Germany_Baseload#19#0#10000106,2021-10-08 06:47:35.629000,130.0,1.0,131.0,1.0,129.97,2.0,131.15,1.0,129.5,2.0,131.75,2.0,129.0,1.0,133.25,4.0,126.0,1.0,133.95,1.0,125.0,1.0,134.0,1.0,124.75,2.0,134.5,1.0,123.0,2.0,135.0,1.0,122.0,2.0,136.0,2.0,121.21,1.0,137.0,2.0
220,Germany_Baseload#19#0#10000106,2021-10-08 06:47:35.655000,130.0,1.0,131.15,1.0,129.97,2.0,131.75,2.0,129.5,2.0,133.25,4.0,129.0,1.0,133.95,1.0,126.0,1.0,134.0,1.0,125.0,1.0,134.5,1.0,124.75,2.0,135.0,1.0,123.0,2.0,136.0,2.0,122.0,2.0,137.0,2.0,121.21,1.0,138.0,1.0
221,Germany_Baseload#19#0#10000106,2021-10-08 06:47:44.776000,130.0,1.0,131.75,2.0,129.97,2.0,133.25,4.0,129.5,2.0,133.95,1.0,129.0,1.0,134.0,1.0,126.0,1.0,134.5,1.0,125.0,1.0,135.0,1.0,124.75,2.0,136.0,2.0,123.0,2.0,137.0,2.0,122.0,2.0,138.0,1.0,121.21,1.0,138.5,3.0
222,Germany_Baseload#19#0#10000106,2021-10-08 06:47:48.904000,130.0,1.0,131.75,2.0,129.97,2.0,133.25,4.0,129.5,2.0,133.95,1.0,129.0,1.0,134.0,1.0,126.0,1.0,134.5,1.0,125.0,1.0,135.0,1.0,124.75,2.0,136.0,2.0,123.0,2.0,137.0,2.0,122.0,2.0,138.0,1.0,121.21,1.0,138.5,3.0
223,Germany_Baseload#19#0#10000106,2021-10-08 06:48:07.984000,130.0,1.0,131.15,1.0,129.97,2.0,131.75,2.0,129.5,2.0,133.25,4.0,129.0,1.0,133.95,1.0,126.0,1.0,134.0,1.0,125.0,1.0,134.5,1.0,124.75,2.0,135.0,1.0,123.0,2.0,136.0,2.0,122.0,2.0,137.0,2.0,121.21,1.0,138.0,1.0
224,Germany_Baseload#19#0#10000106,2021-10-08 06:48:34.152000,130.0,1.0,131.15,2.0,129.97,2.0,133.25,4.0,129.5,2.0,133.95,1.0,129.0,1.0,134.0,1.0,126.0,1.0,134.5,1.0,125.0,1.0,135.0,1.0,124.75,2.0,136.0,2.0,123.0,2.0,137.0,2.0,122.0,2.0,138.0,1.0,121.21,1.0,138.5,3.0
225,Germany_Baseload#19#0#10000106,2021-10-08 06:49:07.929000,130.0,1.0,131.15,2.0,129.97,2.0,133.25,4.0,129.5,2.0,133.95,1.0,129.0,1.0,134.0,1.0,126.0,1.0,134.5,1.0,125.0,3.0,135.0,1.0,123.0,2.0,136.0,2.0,122.0,2.0,137.0,2.0,121.21,1.0,138.0,1.0,120.0,1.0,138.5,3.0
226,Germany_Baseload#19#0#10000106,2021-10-08 06:49:09.084000,130.0,1.0,131.15,2.0,129.97,2.0,133.25,4.0,129.5,2.0,133.95,1.0,129.0,1.0,134.0,1.0,126.0,1.0,134.5,1.0,125.0,3.0,135.0,1.0,123.0,2.0,136.0,2.0,122.0,2.0,137.0,2.0,121.21,1.0,138.0,1.0,120.0,1.0,138.5,3.0
227,Germany_Baseload#19#0#10000106,2021-10-08 06:49:09.209000,130.0,2.0,131.15,2.0,129.97,2.0,133.25,4.0,129.5,2.0,133.95,1.0,129.0,1.0,134.0,1.0,126.0,1.0,134.5,1.0,125.0,2.0,135.0,1.0,123.0,2.0,136.0,2.0,122.0,2.0,137.0,2.0,121.21,1.0,138.0,1.0,120.0,1.0,138.5,3.0
228,Germany_Baseload#19#0#10000106,2021-10-08 06:49:13.126000,130.0,2.0,131.0,1.0,129.97,2.0,131.15,1.0,129.5,2.0,133.25,4.0,129.0,1.0,133.95,1.0,126.0,1.0,134.0,1.0,125.0,2.0,134.5,1.0,123.0,2.0,135.0,1.0,122.0,2.0,136.0,2.0,121.21,1.0,137.0,2.0,120.0,1.0,138.0,1.0
229,Germany_Baseload#19#0#10000106,2021-10-08 06:49:13.494000,130.0,2.0,131.0,1.0,129.97,2.0,131.5,1.0,129.5,2.0,133.25,4.0,129.0,1.0,133.95,1.0,126.0,1.0,134.0,1.0,125.0,2.0,134.5,1.0,123.0,2.0,135.0,1.0,122.0,2.0,136.0,2.0,121.21,1.0,137.0,2.0,120.0,1.0,138.0,1.0
230,Germany_Baseload#19#0#10000106,2021-10-08 06:49:14.601000,130.0,1.0,131.0,1.0,129.97,2.0,131.5,1.0,129.5,2.0,133.25,4.0,129.0,1.0,133.95,1.0,126.0,1.0,134.0,1.0,125.0,2.0,134.5,1.0,123.0,2.0,135.0,1.0,122.0,2.0,136.0,2.0,121.21,1.0,137.0,2.0,120.0,1.0,138.0,1.0
231,Germany_Baseload#19#0#10000106,2021-10-08 06:49:17.923000,130.0,1.0,131.0,1.0,129.97,2.0,131.5,1.0,129.5,2.0,133.25,4.0,129.0,1.0,133.95,1.0,126.0,1.0,134.0,1.0,125.0,3.0,134.5,1.0,123.0,2.0,135.0,1.0,122.0,2.0,136.0,2.0,121.21,1.0,137.0,2.0,120.0,1.0,138.0,1.0
232,Germany_Baseload#19#0#10000106,2021-10-08 06:49:51.905000,130.0,1.0,131.0,1.0,129.97,2.0,131.5,1.0,129.5,2.0,133.25,4.0,129.0,1.0,133.95,1.0,127.2,5.0,134.0,1.0,126.0,1.0,134.5,1.0,125.0,3.0,135.0,1.0,123.0,2.0,136.0,2.0,122.0,2.0,137.0,2.0,121.21,1.0,138.0,1.0
233,Germany_Baseload#19#0#10000106,2021-10-08 06:50:12.837000,130.0,1.0,131.0,1.0,129.97,2.0,131.5,1.0,129.5,2.0,132.8,1.0,129.0,1.0,133.25,4.0,127.2,5.0,133.95,1.0,126.0,1.0,134.0,1.0,125.0,3.0,134.5,1.0,123.0,2.0,135.0,1.0,122.0,2.0,136.0,2.0,121.21,1.0,137.0,2.0
234,Germany_Baseload#19#0#10000106,2021-10-08 06:50:18.244000,130.0,1.0,131.0,1.0,129.97,2.0,132.8,1.0,129.5,2.0,133.25,4.0,129.0,1.0,133.95,1.0,127.2,5.0,134.0,1.0,126.0,1.0,134.5,1.0,125.0,3.0,135.0,1.0,123.0,2.0,136.0,2.0,122.0,2.0,137.0,2.0,121.21,1.0,138.0,1.0
235,Germany_Baseload#19#0#10000106,2021-10-08 06:50:20.102000,130.0,1.0,131.0,1.0,129.97,2.0,132.8,1.0,129.5,2.0,133.25,4.0,129.0,1.0,133.95,1.0,127.4,5.0,134.0,1.0,126.0,1.0,134.5,1.0,125.0,3.0,135.0,1.0,123.0,2.0,136.0,2.0,122.0,2.0,137.0,2.0,121.21,1.0,138.0,1.0
236,Germany_Baseload#19#0#10000106,2021-10-08 06:50:22.745000,130.0,1.0,131.0,1.0,129.97,2.0,132.8,1.0,129.5,2.0,133.25,4.0,129.0,1.0,133.95,1.0,127.4,5.0,134.0,1.0,126.0,1.0,134.5,1.0,125.0,3.0,135.0,1.0,123.0,2.0,136.0,2.0,122.0,2.0,137.0,2.0,121.21,1.0,138.0,1.0
237,Germany_Baseload#19#0#10000106,2021-10-08 06:50:22.826000,130.0,1.0,131.0,1.0,129.97,2.0,132.8,1.0,129.5,2.0,133.25,4.0,129.0,1.0,133.95,1.0,127.4,5.0,134.0,1.0,126.0,1.0,134.5,1.0,125.0,3.0,135.0,1.0,123.0,2.0,136.0,2.0,122.0,2.0,137.0,2.0,121.21,1.0,138.0,1.0
238,Germany_Baseload#19#0#10000106,2021-10-08 06:50:23.118000,130.0,1.0,131.0,1.0,129.97,2.0,132.8,1.0,129.5,2.0,133.25,4.0,129.0,1.0,133.95,1.0,126.0,1.0,134.0,1.0,125.0,3.0,134.5,1.0,123.0,2.0,135.0,1.0,122.0,2.0,136.0,2.0,121.21,1.0,137.0,2.0,120.0,1.0,138.0,1.0
239,Germany_Baseload#19#0#10000106,2021-10-08 06:50:23.212000,130.0,1.0,131.0,1.0,129.97,2.0,132.8,1.0,129.5,2.0,133.25,4.0,129.0,1.0,133.95,1.0,126.0,1.0,134.0,1.0,125.0,3.0,134.5,1.0,124.8,5.0,135.0,1.0,123.0,2.0,136.0,2.0,122.0,2.0,137.0,2.0,121.21,1.0,138.0,1.0
240,Germany_Baseload#19#0#10000106,2021-10-08 06:50:27.416000,130.0,1.0,131.0,1.0,129.97,2.0,132.8,1.0,129.5,2.0,133.25,4.0,129.0,1.0,133.95,1.0,126.0,1.0,134.0,1.0,125.0,3.0,134.5,1.0,123.0,2.0,135.0,1.0,122.0,2.0,136.0,2.0,121.21,1.0,137.0,2.0,120.0,1.0,138.0,1.0
241,Germany_Baseload#19#0#10000106,2021-10-08 06:50:27.572000,130.0,1.0,131.0,1.0,129.97,2.0,132.8,1.0,129.5,2.0,133.25,4.0,129.0,1.0,133.95,1.0,126.0,1.0,134.0,1.0,125.0,3.0,134.5,1.0,124.6,5.0,135.0,1.0,123.0,2.0,136.0,2.0,122.0,2.0,137.0,2.0,121.21,1.0,138.0,1.0
242,Germany_Baseload#19#0#10000106,2021-10-08 06:50:28.541000,130.0,1.0,131.0,1.0,129.97,2.0,132.8,1.0,129.5,2.0,133.25,4.0,129.0,1.0,133.95,1.0,127.4,5.0,134.0,1.0,126.0,1.0,134.5,1.0,125.0,3.0,135.0,1.0,123.0,2.0,136.0,2.0,122.0,2.0,137.0,2.0,121.21,1.0,138.0,1.0
243,Germany_Baseload#19#0#10000106,2021-10-08 06:50:32.515000,130.0,1.0,131.0,1.0,129.97,2.0,132.8,1.0,129.5,2.0,133.25,4.0,129.0,1.0,133.95,1.0,127.4,5.0,134.0,1.0,126.0,1.0,134.5,1.0,125.0,3.0,135.0,1.0,123.0,2.0,136.0,2.0,122.0,2.0,137.0,2.0,121.21,1.0,138.0,1.0
244,Germany_Baseload#19#0#10000106,2021-10-08 06:50:32.610000,130.0,1.0,131.0,1.0,129.97,2.0,132.8,1.0,129.5,2.0,133.25,4.0,129.0,1.0,133.95,1.0,127.4,5.0,134.0,1.0,126.0,1.0,134.5,1.0,125.0,3.0,135.0,1.0,123.0,2.0,136.0,2.0,122.0,2.0,137.0,2.0,121.21,1.0,138.0,1.0
245,Germany_Baseload#19#0#10000106,2021-10-08 06:50:33.364000,130.0,1.0,131.0,1.0,129.97,2.0,132.8,1.0,129.5,2.0,133.25,4.0,129.0,1.0,133.95,1.0,127.4,5.0,134.0,1.0,126.0,1.0,134.5,1.0,125.0,3.0,135.0,1.0,123.0,2.0,136.0,2.0,122.0,2.0,137.0,2.0,121.21,1.0,138.0,1.0
246,Germany_Baseload#19#0#10000106,2021-10-08 06:50:33.491000,130.0,1.0,131.0,1.0,129.97,2.0,132.8,1.0,129.5,2.0,133.25,4.0,129.0,1.0,133.95,1.0,127.4,5.0,134.0,1.0,126.0,1.0,134.5,1.0,125.0,2.0,135.0,1.0,123.0,2.0,136.0,2.0,122.0,2.0,137.0,2.0,121.21,1.0,138.0,1.0
247,Germany_Baseload#19#0#10000106,2021-10-08 06:50:36.235000,130.0,1.0,131.0,1.0,129.97,2.0,132.8,1.0,129.5,2.0,133.25,4.0,129.0,1.0,133.95,1.0,127.4,5.0,134.0,1.0,126.0,1.0,134.5,1.0,125.0,2.0,135.0,1.0,123.0,2.0,136.0,2.0,122.0,2.0,137.0,2.0,121.21,1.0,138.0,1.0
248,Germany_Baseload#19#0#10000106,2021-10-08 06:50:37.958000,130.0,1.0,131.0,1.0,129.97,2.0,133.25,4.0,129.5,2.0,133.95,1.0,129.0,1.0,134.0,1.0,127.4,5.0,134.5,1.0,126.0,1.0,135.0,1.0,125.0,2.0,136.0,2.0,123.0,2.0,137.0,2.0,122.0,2.0,138.0,1.0,121.21,1.0,138.5,3.0
249,Germany_Baseload#19#0#10000106,2021-10-08 06:50:38.622000,130.0,2.0,131.0,1.0,129.97,2.0,133.25,4.0,129.5,2.0,133.95,1.0,129.0,1.0,134.0,1.0,127.2,5.0,134.5,1.0,126.0,1.0,135.0,1.0,125.0,2.0,136.0,2.0,123.0,2.0,137.0,2.0,122.0,2.0,138.0,1.0,121.21,1.0,138.5,3.0
250,Germany_Baseload#19#0#10000106,2021-10-08 06:50:46.388000,130.0,2.0,131.0,1.0,129.97,2.0,133.25,4.0,129.5,2.0,133.95,1.0,129.0,1.0,134.0,1.0,127.4,5.0,134.5,1.0,126.0,1.0,135.0,1.0,125.0,2.0,136.0,2.0,123.0,2.0,137.0,2.0,122.0,2.0,138.0,1.0,121.21,1.0,138.5,3.0
251,Germany_Baseload#19#0#10000106,2021-10-08 06:50:47.062000,130.0,2.0,131.0,1.0,129.97,2.0,133.25,4.0,129.5,2.0,133.95,1.0,129.0,1.0,134.0,1.0,127.4,5.0,134.5,1.0,126.0,1.0,135.0,1.0,125.0,2.0,136.0,2.0,123.0,2.0,137.0,2.0,122.0,2.0,138.0,1.0,121.21,1.0,138.5,3.0
252,Germany_Baseload#19#0#10000106,2021-10-08 06:50:58.900000,130.0,2.0,133.25,4.0,129.97,2.0,133.95,1.0,129.5,2.0,134.0,1.0,129.0,1.0,134.5,1.0,127.4,5.0,135.0,1.0,126.0,1.0,136.0,2.0,125.0,2.0,137.0,2.0,123.0,2.0,138.0,1.0,122.0,2.0,138.5,3.0,121.21,1.0,140.0,1.0
253,Germany_Baseload#19#0#10000106,2021-10-08 06:51:04.297000,130.0,2.0,133.25,4.0,129.97,2.0,133.95,1.0,129.5,2.0,134.0,1.0,129.0,1.0,134.5,1.0,127.6,5.0,135.0,1.0,126.0,1.0,136.0,2.0,125.0,2.0,137.0,2.0,123.0,2.0,138.0,1.0,122.0,2.0,138.5,3.0,121.21,1.0,140.0,1.0
254,Germany_Baseload#19#0#10000106,2021-10-08 06:51:07.190000,130.0,1.0,133.25,4.0,129.97,2.0,133.95,1.0,129.5,2.0,134.0,1.0,129.0,1.0,134.5,1.0,127.6,5.0,135.0,1.0,126.0,1.0,136.0,2.0,125.0,2.0,137.0,2.0,123.0,2.0,138.0,1.0,122.0,2.0,138.5,3.0,121.21,1.0,140.0,1.0
255,Germany_Baseload#19#0#10000106,2021-10-08 06:51:07.310000,130.0,1.0,133.25,4.0,129.97,2.0,133.95,1.0,129.5,2.0,134.0,1.0,129.0,1.0,134.5,1.0,127.6,5.0,135.0,1.0,126.0,1.0,136.0,2.0,125.0,3.0,137.0,2.0,123.0,2.0,138.0,1.0,122.0,2.0,138.5,3.0,121.21,1.0,140.0,1.0
256,Germany_Baseload#19#0#10000106,2021-10-08 06:51:14.467000,130.0,1.0,133.25,4.0,129.97,2.0,133.95,1.0,129.5,2.0,134.0,1.0,129.0,1.0,134.5,1.0,127.6,5.0,135.0,1.0,126.0,1.0,136.0,2.0,125.0,3.0,137.0,2.0,123.0,2.0,138.0,1.0,122.0,2.0,138.5,3.0,121.21,1.0,140.0,1.0
257,Germany_Baseload#19#0#10000106,2021-10-08 06:51:14.656000,130.0,1.0,133.25,4.0,129.97,2.0,133.95,1.0,129.5,2.0,134.0,1.0,129.0,1.0,134.5,1.0,127.6,5.0,135.0,1.0,126.0,2.0,136.0,2.0,125.0,1.0,137.0,2.0,123.0,2.0,138.0,1.0,122.0,2.0,138.5,3.0,121.21,1.0,140.0,1.0
258,Germany_Baseload#19#0#10000106,2021-10-08 06:51:16.620000,130.0,1.0,133.25,4.0,129.97,2.0,133.7,1.0,129.5,2.0,133.95,1.0,129.0,1.0,134.0,1.0,127.6,5.0,134.5,1.0,126.0,2.0,135.0,1.0,125.0,1.0,136.0,2.0,123.0,2.0,137.0,2.0,122.0,2.0,138.0,1.0,121.21,1.0,138.5,3.0
259,Germany_Baseload#19#0#10000106,2021-10-08 06:51:26.222000,130.0,1.0,133.25,4.0,129.97,2.0,133.7,1.0,129.5,1.0,133.95,1.0,129.0,1.0,134.0,1.0,127.6,5.0,134.5,1.0,126.0,2.0,135.0,1.0,125.0,1.0,136.0,2.0,123.0,2.0,137.0,2.0,122.0,2.0,138.0,1.0,121.21,1.0,138.5,3.0
260,Germany_Baseload#19#0#10000106,2021-10-08 06:51:26.223000,130.0,1.0,133.25,4.0,129.97,2.0,133.7,1.0,129.5,1.0,133.95,1.0,127.6,5.0,134.0,1.0,126.0,2.0,134.5,1.0,125.0,1.0,135.0,1.0,123.0,2.0,136.0,2.0,122.0,2.0,137.0,2.0,121.21,1.0,138.0,1.0,120.0,1.0,138.5,3.0
261,Germany_Baseload#19#0#10000106,2021-10-08 06:51:30.037000,130.0,3.0,133.25,4.0,129.97,2.0,133.7,1.0,129.5,1.0,133.95,1.0,127.6,5.0,134.0,1.0,126.0,2.0,134.5,1.0,125.0,1.0,135.0,1.0,123.0,2.0,136.0,2.0,122.0,2.0,137.0,2.0,121.21,1.0,138.0,1.0,120.0,1.0,138.5,3.0
262,Germany_Baseload#19#0#10000106,2021-10-08 06:52:17.624000,130.0,3.0,133.25,4.0,129.97,2.0,133.7,1.0,129.5,1.0,133.95,1.0,126.0,2.0,134.0,1.0,125.0,1.0,134.5,1.0,123.0,2.0,135.0,1.0,122.0,2.0,136.0,2.0,121.21,1.0,137.0,2.0,120.0,1.0,138.0,1.0,114.0,2.0,138.5,3.0
263,Germany_Baseload#19#0#10000106,2021-10-08 06:52:19.874000,130.0,3.0,133.25,4.0,129.97,2.0,133.7,1.0,129.5,1.0,133.95,1.0,126.0,2.0,134.0,1.0,125.0,1.0,134.5,1.0,123.0,2.0,135.0,1.0,122.0,2.0,136.0,2.0,121.21,1.0,137.0,2.0,120.0,1.0,138.0,1.0,114.0,2.0,138.5,3.0
264,Germany_Baseload#19#0#10000106,2021-10-08 06:52:34.705000,130.0,3.0,133.25,4.0,129.97,2.0,133.7,1.0,129.5,1.0,133.95,1.0,127.6,5.0,134.0,1.0,126.0,2.0,134.5,1.0,125.0,1.0,135.0,1.0,123.0,2.0,136.0,2.0,122.0,2.0,137.0,2.0,121.21,1.0,138.0,1.0,120.0,1.0,138.5,3.0
265,Germany_Baseload#19#0#10000106,2021-10-08 06:52:43.785000,130.0,3.0,133.25,4.0,129.97,2.0,133.7,1.0,129.5,1.0,133.95,1.0,126.0,2.0,134.0,1.0,125.0,1.0,134.5,1.0,124.6,5.0,135.0,1.0,123.0,2.0,136.0,2.0,122.0,2.0,137.0,2.0,121.21,1.0,138.0,1.0,120.0,1.0,138.5,3.0
266,Germany_Baseload#19#0#10000106,2021-10-08 06:53:04.726000,130.0,3.0,133.25,4.0,129.97,2.0,133.7,1.0,129.5,1.0,133.95,1.0,126.0,2.0,134.0,1.0,125.0,1.0,134.5,1.0,123.0,2.0,135.0,1.0,122.0,2.0,136.0,2.0,121.21,1.0,137.0,2.0,120.0,1.0,138.0,1.0,114.0,2.0,138.5,3.0
267,Germany_Baseload#19#0#10000106,2021-10-08 06:53:04.941000,131.0,1.0,133.25,4.0,130.0,3.0,133.7,1.0,129.97,2.0,133.95,1.0,129.5,1.0,134.0,1.0,126.0,2.0,134.5,1.0,125.0,1.0,135.0,1.0,124.6,5.0,136.0,2.0,123.0,2.0,137.0,2.0,122.0,2.0,138.0,1.0,121.21,1.0,138.5,3.0
268,Germany_Baseload#19#0#10000106,2021-10-08 06:53:05.133000,130.0,3.0,133.25,4.0,129.97,2.0,133.7,1.0,129.5,1.0,133.95,1.0,126.0,2.0,134.0,1.0,125.0,1.0,134.5,1.0,124.6,5.0,135.0,1.0,123.0,2.0,136.0,2.0,122.0,2.0,137.0,2.0,121.21,1.0,138.0,1.0,120.0,1.0,138.5,3.0
269,Germany_Baseload#19#0#10000106,2021-10-08 06:53:05.210000,131.0,1.0,133.25,4.0,130.0,2.0,133.7,1.0,129.97,2.0,133.95,1.0,129.5,1.0,134.0,1.0,126.0,2.0,134.5,1.0,125.0,1.0,135.0,1.0,124.6,5.0,136.0,2.0,123.0,2.0,137.0,2.0,122.0,2.0,138.0,1.0,121.21,1.0,138.5,3.0
270,Germany_Baseload#19#0#10000106,2021-10-08 06:53:06.305000,131.0,1.0,133.25,4.0,130.0,2.0,133.7,1.0,129.97,2.0,133.95,1.0,129.5,1.0,134.0,1.0,126.0,2.0,134.5,1.0,125.0,1.0,135.0,1.0,123.0,2.0,136.0,2.0,122.0,2.0,137.0,2.0,121.21,1.0,138.0,1.0,120.0,1.0,138.5,3.0
271,Germany_Baseload#19#0#10000106,2021-10-08 06:53:06.742000,131.0,1.0,133.25,4.0,130.0,2.0,133.7,1.0,129.97,2.0,133.95,1.0,129.5,1.0,134.0,1.0,126.0,2.0,134.5,1.0,125.0,1.0,135.0,1.0,124.6,5.0,136.0,2.0,123.0,2.0,137.0,2.0,122.0,2.0,138.0,1.0,121.21,1.0,138.5,3.0
272,Germany_Baseload#19#0#10000106,2021-10-08 06:53:06.945000,131.0,1.0,133.25,4.0,130.0,2.0,133.7,1.0,129.97,2.0,133.95,1.0,129.5,1.0,134.0,1.0,126.0,2.0,134.5,1.0,125.0,1.0,135.0,1.0,123.0,2.0,136.0,2.0,122.0,2.0,137.0,2.0,121.21,1.0,138.0,1.0,120.0,1.0,138.5,3.0
273,Germany_Baseload#19#0#10000106,2021-10-08 06:53:08.352000,131.0,1.0,133.25,4.0,130.0,2.0,133.7,1.0,129.97,2.0,133.95,1.0,129.5,1.0,134.0,1.0,126.0,2.0,134.5,1.0,125.0,1.0,135.0,1.0,124.6,5.0,136.0,2.0,123.0,2.0,137.0,2.0,122.0,2.0,138.0,1.0,121.21,1.0,138.5,3.0
274,Germany_Baseload#19#0#10000106,2021-10-08 06:53:08.617000,131.0,1.0,133.25,4.0,130.0,2.0,133.7,1.0,129.97,2.0,133.95,1.0,129.5,1.0,134.0,1.0,126.0,2.0,134.5,1.0,125.0,1.0,135.0,1.0,123.0,2.0,136.0,2.0,122.0,2.0,137.0,2.0,121.21,1.0,138.0,1.0,120.0,1.0,138.5,3.0
275,Germany_Baseload#19#0#10000106,2021-10-08 06:53:09.540000,131.0,1.0,133.25,4.0,130.0,2.0,133.7,1.0,129.97,2.0,133.95,1.0,129.5,1.0,134.0,1.0,126.0,2.0,134.5,1.0,125.0,1.0,135.0,1.0,124.6,5.0,136.0,2.0,123.0,2.0,137.0,2.0,122.0,2.0,138.0,1.0,121.21,1.0,138.5,3.0
276,Germany_Baseload#19#0#10000106,2021-10-08 06:53:11.486000,130.0,2.0,133.25,4.0,129.97,2.0,133.7,1.0,129.5,1.0,133.95,1.0,126.0,2.0,134.0,1.0,125.0,1.0,134.5,1.0,124.6,5.0,135.0,1.0,123.0,2.0,136.0,2.0,122.0,2.0,137.0,2.0,121.21,1.0,138.0,1.0,120.0,1.0,138.5,3.0
277,Germany_Baseload#19#0#10000106,2021-10-08 06:53:11.620000,130.05,1.0,133.25,4.0,130.0,2.0,133.7,1.0,129.97,2.0,133.95,1.0,129.5,1.0,134.0,1.0,126.0,2.0,134.5,1.0,125.0,1.0,135.0,1.0,124.6,5.0,136.0,2.0,123.0,2.0,137.0,2.0,122.0,2.0,138.0,1.0,121.21,1.0,138.5,3.0
278,Germany_Baseload#19#0#10000106,2021-10-08 06:53:11.652000,130.05,1.0,133.25,4.0,130.0,2.0,133.7,1.0,129.97,2.0,133.95,1.0,129.5,1.0,134.0,1.0,126.0,1.0,134.5,1.0,125.0,1.0,135.0,1.0,124.6,5.0,136.0,2.0,123.0,2.0,137.0,2.0,122.0,2.0,138.0,1.0,121.21,1.0,138.5,3.0
279,Germany_Baseload#19#0#10000106,2021-10-08 06:53:11.736000,130.05,1.0,133.25,4.0,130.0,2.0,133.7,1.0,129.97,2.0,133.95,1.0,129.5,1.0,134.0,1.0,126.0,2.0,134.5,1.0,125.0,1.0,135.0,1.0,124.6,5.0,136.0,2.0,123.0,2.0,137.0,2.0,122.0,2.0,138.0,1.0,121.21,1.0,138.5,3.0
280,Germany_Baseload#19#0#10000106,2021-10-08 06:53:19.709000,130.05,1.0,133.25,4.0,130.0,2.0,133.7,1.0,129.97,2.0,133.95,1.0,129.5,1.0,134.0,1.0,126.05,1.0,134.5,1.0,126.0,2.0,135.0,1.0,125.0,1.0,136.0,2.0,124.6,5.0,137.0,2.0,123.0,2.0,138.0,1.0,122.0,2.0,138.5,3.0
281,Germany_Baseload#19#0#10000106,2021-10-08 06:53:19.710000,130.05,1.0,133.25,4.0,130.0,2.0,133.7,1.0,129.97,2.0,133.95,1.0,129.5,1.0,134.0,1.0,126.05,1.0,134.5,1.0,126.0,1.0,135.0,1.0,125.0,1.0,136.0,2.0,124.6,5.0,137.0,2.0,123.0,2.0,138.0,1.0,122.0,2.0,138.5,3.0
282,Germany_Baseload#19#0#10000106,2021-10-08 06:53:19.809000,130.05,1.0,133.25,4.0,130.0,2.0,133.7,1.0,129.97,2.0,133.95,1.0,129.5,2.0,134.0,1.0,129.0,1.0,134.5,1.0,126.05,1.0,135.0,1.0,126.0,1.0,136.0,2.0,125.0,1.0,137.0,2.0,124.6,5.0,138.0,1.0,123.0,2.0,138.5,3.0
283,Germany_Baseload#19#0#10000106,2021-10-08 06:53:25.005000,130.05,1.0,133.25,4.0,130.0,2.0,133.6,1.0,129.97,2.0,133.95,1.0,129.5,2.0,134.0,1.0,129.0,1.0,134.5,1.0,126.05,1.0,135.0,1.0,126.0,1.0,136.0,2.0,125.0,1.0,137.0,2.0,124.6,5.0,138.0,1.0,123.0,2.0,138.5,3.0
284,Germany_Baseload#19#0#10000106,2021-10-08 06:53:37.548000,130.05,1.0,133.25,4.0,130.0,2.0,133.6,1.0,129.97,2.0,133.95,1.0,129.5,2.0,134.0,1.0,128.9,1.0,134.5,1.0,126.05,1.0,135.0,1.0,126.0,1.0,136.0,2.0,125.0,1.0,137.0,2.0,124.6,5.0,138.0,1.0,123.0,2.0,138.5,3.0
285,Germany_Baseload#19#0#10000106,2021-10-08 06:53:37.569000,130.25,1.0,133.25,4.0,130.05,1.0,133.6,1.0,130.0,2.0,133.95,1.0,129.97,2.0,134.0,1.0,129.5,2.0,134.5,1.0,128.9,1.0,135.0,1.0,126.05,1.0,136.0,2.0,126.0,1.0,137.0,2.0,125.0,1.0,138.0,1.0,124.6,5.0,138.5,3.0
286,Germany_Baseload#19#0#10000106,2021-10-08 06:53:37.570000,130.25,1.0,133.25,4.0,130.05,1.0,133.6,1.0,130.0,2.0,133.95,1.0,129.97,2.0,134.0,1.0,129.5,2.0,134.5,1.0,128.9,1.0,135.0,1.0,126.05,1.0,136.0,2.0,126.0,1.0,137.0,2.0,125.0,1.0,138.0,1.0,124.6,5.0,138.5,3.0
287,Germany_Baseload#19#0#10000106,2021-10-08 06:53:37.664000,130.25,1.0,133.25,4.0,130.0,2.0,133.6,1.0,129.97,2.0,133.95,1.0,129.5,2.0,134.0,1.0,128.9,1.0,134.5,1.0,126.05,1.0,135.0,1.0,126.0,1.0,136.0,2.0,125.0,1.0,137.0,2.0,124.6,5.0,138.0,1.0,123.0,2.0,138.5,3.0
288,Germany_Baseload#19#0#10000106,2021-10-08 06:53:37.857000,130.25,1.0,133.25,4.0,130.0,2.0,133.6,1.0,129.97,2.0,133.95,1.0,129.5,2.0,134.0,1.0,128.9,1.0,134.5,1.0,126.05,1.0,135.0,1.0,126.0,1.0,136.0,2.0,125.0,1.0,137.0,2.0,123.0,2.0,138.0,1.0,122.0,2.0,138.5,3.0
289,Germany_Baseload#19#0#10000106,2021-10-08 06:53:40.670000,130.25,1.0,133.25,4.0,130.0,2.0,133.6,1.0,129.97,2.0,133.95,1.0,129.5,2.0,134.0,1.0,128.9,1.0,134.5,1.0,126.05,1.0,135.0,1.0,126.0,1.0,136.0,2.0,125.0,1.0,137.0,2.0,124.6,5.0,138.0,1.0,123.0,2.0,138.5,3.0
290,Germany_Baseload#19#0#10000106,2021-10-08 06:53:44.358000,130.25,1.0,133.25,4.0,130.0,2.0,133.6,1.0,129.97,2.0,133.95,1.0,129.5,2.0,134.0,1.0,128.9,1.0,134.5,1.0,126.05,1.0,135.0,1.0,126.0,1.0,136.0,2.0,125.0,1.0,137.0,2.0,123.0,2.0,138.0,1.0,122.0,2.0,138.5,3.0
291,Germany_Baseload#19#0#10000106,2021-10-08 06:53:44.514000,130.25,1.0,133.25,4.0,130.0,2.0,133.6,1.0,129.97,2.0,133.95,1.0,129.5,2.0,134.0,1.0,128.9,1.0,134.5,1.0,126.05,1.0,135.0,1.0,126.0,1.0,136.0,2.0,125.0,1.0,137.0,2.0,124.6,5.0,138.0,1.0,123.0,2.0,138.5,3.0
292,Germany_Baseload#19#0#10000106,2021-10-08 06:53:44.717000,130.25,1.0,133.25,4.0,130.0,2.0,133.6,1.0,129.97,2.0,133.95,1.0,129.5,2.0,134.0,1.0,128.9,1.0,134.5,1.0,126.05,1.0,135.0,1.0,126.0,1.0,136.0,2.0,125.0,1.0,137.0,2.0,123.0,2.0,138.0,1.0,122.0,2.0,138.5,3.0
293,Germany_Baseload#19#0#10000106,2021-10-08 06:53:45.952000,130.25,1.0,133.25,4.0,130.0,2.0,133.6,1.0,129.97,2.0,133.95,1.0,129.5,2.0,134.0,1.0,128.9,1.0,134.5,1.0,126.05,1.0,135.0,1.0,126.0,1.0,136.0,2.0,125.0,1.0,137.0,2.0,124.6,5.0,138.0,1.0,123.0,2.0,138.5,3.0
294,Germany_Baseload#19#0#10000106,2021-10-08 06:53:51.796000,130.25,1.0,133.25,4.0,130.0,2.0,133.6,1.0,129.97,2.0,133.95,1.0,129.5,2.0,134.0,1.0,128.9,1.0,134.5,1.0,126.05,1.0,135.0,1.0,126.0,1.0,136.0,2.0,125.0,1.0,137.0,2.0,123.0,2.0,138.0,1.0,122.0,2.0,138.5,3.0
295,Germany_Baseload#19#0#10000106,2021-10-08 06:53:52.187000,130.25,1.0,133.25,4.0,130.0,2.0,133.6,1.0,129.97,2.0,133.95,1.0,129.5,2.0,134.0,1.0,128.9,1.0,134.5,1.0,126.05,1.0,135.0,1.0,126.0,1.0,136.0,2.0,125.0,1.0,137.0,2.0,124.6,5.0,138.0,1.0,123.0,2.0,138.5,3.0
296,Germany_Baseload#19#0#10000106,2021-10-08 06:53:52.968000,130.25,1.0,133.25,4.0,130.0,2.0,133.6,1.0,129.97,2.0,133.95,1.0,129.5,2.0,134.0,1.0,128.9,1.0,134.5,1.0,126.05,1.0,135.0,1.0,126.0,1.0,136.0,2.0,125.0,1.0,137.0,2.0,123.0,2.0,138.0,1.0,122.0,2.0,138.5,3.0
297,Germany_Baseload#19#0#10000106,2021-10-08 06:53:53.422000,130.25,1.0,133.25,4.0,130.0,2.0,133.6,1.0,129.97,2.0,133.95,1.0,129.5,2.0,134.0,1.0,128.9,1.0,134.5,1.0,126.05,1.0,135.0,1.0,126.0,1.0,136.0,2.0,125.0,1.0,137.0,2.0,124.6,5.0,138.0,1.0,123.0,2.0,138.5,3.0
298,Germany_Baseload#19#0#10000106,2021-10-08 06:53:53.578000,130.25,1.0,133.25,4.0,130.0,2.0,133.6,1.0,129.97,2.0,133.95,1.0,129.5,2.0,134.0,1.0,128.9,1.0,134.5,1.0,126.05,1.0,135.0,1.0,126.0,1.0,136.0,2.0,125.0,1.0,137.0,2.0,123.0,2.0,138.0,1.0,122.0,2.0,138.5,3.0
299,Germany_Baseload#19#0#10000106,2021-10-08 06:54:01.236000,130.25,1.0,133.25,4.0,130.0,2.0,133.6,1.0,129.97,2.0,133.95,1.0,129.5,2.0,134.0,1.0,128.9,1.0,134.5,1.0,126.05,1.0,135.0,1.0,126.0,1.0,136.0,2.0,125.0,1.0,137.0,2.0,124.6,5.0,138.0,1.0,123.0,2.0,138.5,3.0
300,Germany_Baseload#19#0#10000106,2021-10-08 06:54:05.283000,130.25,1.0,133.25,4.0,130.0,2.0,133.6,1.0,129.97,2.0,133.95,1.0,129.5,2.0,134.0,1.0,128.9,1.0,134.5,1.0,126.05,1.0,135.0,1.0,126.0,1.0,136.0,2.0,125.0,1.0,137.0,2.0,123.0,2.0,138.0,1.0,122.0,2.0,138.5,3.0
301,Germany_Baseload#19#0#10000106,2021-10-08 06:54:13.194000,130.25,1.0,133.25,4.0,130.0,2.0,133.6,1.0,129.97,2.0,133.95,1.0,129.5,2.0,134.0,1.0,128.9,1.0,134.5,1.0,126.05,1.0,135.0,1.0,126.0,1.0,136.0,2.0,125.0,1.0,137.0,2.0,124.6,5.0,138.0,1.0,123.0,2.0,138.5,3.0
302,Germany_Baseload#19#0#10000106,2021-10-08 06:54:13.288000,130.25,1.0,133.25,4.0,130.0,2.0,133.6,1.0,129.97,2.0,133.95,1.0,129.5,2.0,134.0,1.0,128.9,1.0,134.5,1.0,126.05,1.0,135.0,1.0,126.0,1.0,136.0,2.0,125.0,1.0,137.0,2.0,123.0,2.0,138.0,1.0,122.0,2.0,138.5,3.0
303,Germany_Baseload#19#0#10000106,2021-10-08 06:54:18.963000,130.25,1.0,133.25,4.0,130.0,2.0,133.6,1.0,129.97,2.0,133.95,1.0,129.5,2.0,134.0,1.0,128.9,1.0,134.5,1.0,126.05,1.0,135.0,1.0,126.0,1.0,136.0,2.0,125.0,1.0,137.0,2.0,124.6,5.0,138.0,1.0,123.0,2.0,138.5,3.0
304,Germany_Baseload#19#0#10000106,2021-10-08 06:54:26.213000,130.25,1.0,133.25,4.0,130.0,2.0,133.6,1.0,129.97,2.0,133.95,1.0,129.5,2.0,134.0,1.0,128.9,1.0,134.5,1.0,126.05,1.0,135.0,1.0,126.0,1.0,136.0,2.0,125.0,1.0,137.0,2.0,123.0,2.0,138.0,1.0,122.0,2.0,138.5,3.0
305,Germany_Baseload#19#0#10000106,2021-10-08 06:54:30.919000,130.25,1.0,133.25,4.0,130.0,2.0,133.6,1.0,129.97,2.0,133.95,1.0,129.5,2.0,134.0,1.0,128.9,1.0,134.5,1.0,126.05,1.0,135.0,1.0,126.0,1.0,136.0,2.0,125.0,1.0,137.0,2.0,124.6,5.0,138.0,1.0,123.0,2.0,138.5,3.0
306,Germany_Baseload#19#0#10000106,2021-10-08 06:54:42.515000,130.25,1.0,133.25,4.0,130.0,2.0,133.6,1.0,129.97,2.0,133.95,1.0,129.5,2.0,134.0,1.0,128.9,1.0,134.5,1.0,126.05,1.0,135.0,1.0,126.0,1.0,136.0,2.0,125.0,1.0,137.0,2.0,123.0,2.0,138.0,1.0,122.0,2.0,138.5,3.0
307,Germany_Baseload#19#0#10000106,2021-10-08 06:54:54.785000,130.25,1.0,133.25,4.0,130.0,2.0,133.6,1.0,129.97,2.0,133.95,1.0,129.5,2.0,134.0,1.0,128.9,1.0,134.5,1.0,126.05,1.0,135.0,1.0,126.0,1.0,136.0,2.0,125.0,1.0,137.0,2.0,124.6,5.0,138.0,1.0,123.0,2.0,138.5,3.0
308,Germany_Baseload#19#0#10000106,2021-10-08 06:55:01.413000,130.25,1.0,133.25,4.0,130.0,2.0,133.6,1.0,129.97,2.0,133.95,1.0,129.5,2.0,134.0,1.0,128.9,1.0,134.5,1.0,126.05,1.0,135.0,1.0,126.0,1.0,136.0,2.0,125.0,1.0,137.0,2.0,124.6,5.0,138.0,1.0,123.0,2.0,138.5,3.0
309,Germany_Baseload#19#0#10000106,2021-10-08 06:55:25.836000,130.25,1.0,133.25,4.0,130.0,2.0,133.6,1.0,129.97,2.0,133.95,1.0,129.5,2.0,134.0,1.0,128.9,1.0,134.5,1.0,126.05,1.0,135.0,1.0,126.0,1.0,136.0,2.0,125.0,1.0,137.0,2.0,123.0,2.0,138.0,1.0,122.0,2.0,138.5,3.0
310,Germany_Baseload#19#0#10000106,2021-10-08 06:55:26.196000,130.25,1.0,133.25,4.0,130.0,2.0,133.6,1.0,129.97,2.0,133.95,1.0,129.5,2.0,134.0,1.0,128.9,1.0,134.5,1.0,126.05,1.0,135.0,1.0,126.0,1.0,136.0,2.0,125.0,1.0,137.0,2.0,124.6,5.0,138.0,1.0,123.0,2.0,138.5,3.0
311,Germany_Baseload#19#0#10000106,2021-10-08 06:55:33.244000,130.25,1.0,133.25,4.0,130.0,2.0,133.6,1.0,129.97,2.0,133.95,1.0,129.5,2.0,134.0,1.0,128.9,1.0,134.5,1.0,126.05,1.0,135.0,1.0,126.0,1.0,136.0,2.0,125.0,1.0,137.0,2.0,123.0,2.0,138.0,1.0,122.0,2.0,138.5,3.0
312,Germany_Baseload#19#0#10000106,2021-10-08 06:55:48.705000,130.25,1.0,132.0,1.0,130.0,2.0,133.25,4.0,129.97,2.0,133.6,1.0,129.5,2.0,133.95,1.0,128.9,1.0,134.0,1.0,126.05,1.0,134.5,1.0,126.0,1.0,135.0,1.0,125.0,1.0,136.0,2.0,124.6,5.0,137.0,2.0,123.0,2.0,138.0,1.0
313,Germany_Baseload#19#0#10000106,2021-10-08 06:55:49.168000,130.25,1.0,133.25,4.0,130.0,2.0,133.6,1.0,129.97,2.0,133.95,1.0,129.5,2.0,134.0,1.0,128.9,1.0,134.5,1.0,126.05,1.0,135.0,1.0,126.0,1.0,136.0,2.0,125.0,1.0,137.0,2.0,124.6,5.0,138.0,1.0,123.0,2.0,138.5,3.0
314,Germany_Baseload#19#0#10000106,2021-10-08 06:56:13.749000,130.25,1.0,132.0,1.0,130.0,2.0,133.25,4.0,129.97,2.0,133.6,1.0,129.5,2.0,134.0,1.0,128.9,1.0,134.5,1.0,126.05,1.0,135.0,1.0,126.0,1.0,136.0,2.0,125.0,1.0,137.0,2.0,124.6,5.0,138.0,1.0,123.0,2.0,138.5,3.0
315,Germany_Baseload#19#0#10000106,2021-10-08 06:56:26.132000,130.25,1.0,132.0,1.0,130.0,2.0,133.25,4.0,129.97,2.0,133.6,1.0,129.5,2.0,134.0,1.0,128.9,1.0,134.5,1.0,126.05,1.0,135.0,1.0,126.0,1.0,136.0,2.0,125.0,1.0,137.0,2.0,124.6,5.0,138.0,1.0,123.0,2.0,138.5,3.0
316,Germany_Baseload#19#0#10000106,2021-10-08 06:57:19.776000,130.25,1.0,131.0,1.0,130.0,2.0,133.25,4.0,129.97,2.0,133.6,1.0,129.5,2.0,134.0,1.0,128.9,1.0,134.5,1.0,126.05,1.0,135.0,1.0,126.0,1.0,136.0,2.0,125.0,1.0,137.0,2.0,124.6,5.0,138.0,1.0,123.0,2.0,138.5,3.0
317,Germany_Baseload#19#0#10000106,2021-10-08 06:57:27.359000,130.25,1.0,131.0,1.0,130.0,2.0,133.25,4.0,129.97,2.0,133.6,1.0,129.5,2.0,134.0,1.0,126.05,1.0,134.5,1.0,126.0,1.0,135.0,1.0,125.0,1.0,136.0,2.0,124.6,5.0,137.0,2.0,123.0,2.0,138.0,1.0,122.0,2.0,138.5,3.0
318,Germany_Baseload#19#0#10000106,2021-10-08 06:57:28.057000,130.25,1.0,131.0,1.0,130.0,2.0,133.25,4.0,129.97,2.0,134.0,1.0,129.5,2.0,134.5,1.0,126.05,1.0,135.0,1.0,126.0,1.0,136.0,2.0,125.0,1.0,137.0,2.0,124.6,5.0,138.0,1.0,123.0,2.0,138.5,3.0,122.0,2.0,140.0,1.0
319,Germany_Baseload#19#0#10000106,2021-10-08 06:57:51.829000,130.0,2.0,131.0,1.0,129.97,2.0,133.25,4.0,129.5,2.0,134.0,1.0,126.05,1.0,134.5,1.0,126.0,1.0,135.0,1.0,125.0,1.0,136.0,2.0,124.6,5.0,137.0,2.0,123.0,2.0,138.0,1.0,122.0,2.0,138.5,3.0,121.21,1.0,140.0,1.0
320,Germany_Baseload#19#0#10000106,2021-10-08 06:57:51.928000,130.05,1.0,131.0,1.0,130.0,2.0,133.25,4.0,129.97,2.0,134.0,1.0,129.5,2.0,134.5,1.0,126.05,1.0,135.0,1.0,126.0,1.0,136.0,2.0,125.0,1.0,137.0,2.0,124.6,5.0,138.0,1.0,123.0,2.0,138.5,3.0,122.0,2.0,140.0,1.0
321,Germany_Baseload#19#0#10000106,2021-10-08 06:57:51.952000,130.05,1.0,131.0,1.0,130.0,2.0,133.25,4.0,129.97,2.0,134.0,1.0,129.5,2.0,134.5,1.0,126.0,1.0,135.0,1.0,125.0,1.0,136.0,2.0,124.6,5.0,137.0,2.0,123.0,2.0,138.0,1.0,122.0,2.0,138.5,3.0,121.21,1.0,140.0,1.0
322,Germany_Baseload#19#0#10000106,2021-10-08 06:57:52.085000,130.05,1.0,131.0,1.0,130.0,2.0,133.25,4.0,129.97,2.0,134.0,1.0,129.5,2.0,134.5,1.0,126.0,1.0,135.0,1.0,125.0,1.0,136.0,2.0,124.6,5.0,137.0,2.0,124.25,1.0,138.0,1.0,123.0,2.0,138.5,3.0,122.0,2.0,140.0,1.0
323,Germany_Baseload#19#0#10000106,2021-10-08 06:57:54.166000,130.05,1.0,131.0,1.0,130.0,2.0,133.25,4.0,129.97,2.0,134.0,1.0,129.5,2.0,134.5,1.0,126.0,1.0,135.0,1.0,125.0,1.0,136.0,2.0,124.6,5.0,137.0,2.0,124.25,1.0,138.0,1.0,123.0,2.0,138.5,3.0,122.0,2.0,140.0,1.0
324,Germany_Baseload#19#0#10000106,2021-10-08 06:57:54.169000,130.05,1.0,131.0,1.0,130.0,2.0,133.25,4.0,129.97,2.0,134.0,1.0,129.5,2.0,134.5,1.0,126.0,1.0,135.0,1.0,125.0,1.0,136.0,2.0,124.6,5.0,137.0,2.0,124.25,1.0,138.0,1.0,123.0,2.0,138.5,3.0,122.0,2.0,140.0,1.0
325,Germany_Baseload#19#0#10000106,2021-10-08 06:57:54.200000,130.05,1.0,131.0,1.0,130.0,2.0,133.25,4.0,129.97,2.0,134.0,1.0,129.5,2.0,134.5,1.0,126.0,1.0,135.0,1.0,125.0,1.0,136.0,2.0,124.6,5.0,137.0,2.0,124.25,1.0,138.0,1.0,123.0,2.0,138.5,3.0,122.0,2.0,140.0,1.0
326,Germany_Baseload#19#0#10000106,2021-10-08 06:57:54.764000,130.0,2.0,131.0,1.0,129.97,2.0,133.25,4.0,129.5,2.0,134.0,1.0,126.0,1.0,134.5,1.0,125.0,1.0,135.0,1.0,124.6,5.0,136.0,2.0,124.25,1.0,137.0,2.0,123.0,2.0,138.0,1.0,122.0,2.0,138.5,3.0,121.21,1.0,140.0,1.0
327,Germany_Baseload#19#0#10000106,2021-10-08 06:57:54.802000,130.0,2.0,131.0,1.0,129.97,2.0,133.25,4.0,129.5,2.0,134.0,1.0,126.0,1.0,134.5,1.0,125.0,1.0,135.0,1.0,124.6,5.0,136.0,2.0,123.0,2.0,137.0,2.0,122.0,2.0,138.0,1.0,121.21,1.0,138.5,3.0,120.0,1.0,140.0,1.0
328,Germany_Baseload#19#0#10000106,2021-10-08 06:57:55.866000,130.0,2.0,131.0,1.0,129.97,2.0,133.25,4.0,129.5,1.0,134.0,1.0,126.0,1.0,134.5,1.0,125.0,1.0,135.0,1.0,124.6,5.0,136.0,2.0,123.0,2.0,137.0,2.0,122.0,2.0,138.0,1.0,121.21,1.0,138.5,3.0,120.0,1.0,140.0,1.0
329,Germany_Baseload#19#0#10000106,2021-10-08 06:57:56.151000,130.0,3.0,131.0,1.0,129.97,2.0,133.25,4.0,129.5,1.0,134.0,1.0,126.0,1.0,134.5,1.0,125.0,1.0,135.0,1.0,124.6,5.0,136.0,2.0,123.0,2.0,137.0,2.0,122.0,2.0,138.0,1.0,121.21,1.0,138.5,3.0,120.0,1.0,140.0,1.0
330,Germany_Baseload#19#0#10000106,2021-10-08 06:57:56.152000,130.0,3.0,131.0,1.0,129.97,2.0,133.25,4.0,129.5,2.0,134.0,1.0,126.0,1.0,134.5,1.0,125.0,1.0,135.0,1.0,124.6,5.0,136.0,2.0,123.0,2.0,137.0,2.0,122.0,2.0,138.0,1.0,121.21,1.0,138.5,3.0,120.0,1.0,140.0,1.0
331,Germany_Baseload#19#0#10000106,2021-10-08 06:57:56.244000,130.0,2.0,131.0,1.0,129.97,2.0,133.25,4.0,129.5,2.0,134.0,1.0,126.0,1.0,134.5,1.0,125.0,1.0,135.0,1.0,124.6,5.0,136.0,2.0,123.0,2.0,137.0,2.0,122.0,2.0,138.0,1.0,121.21,1.0,138.5,3.0,120.0,1.0,140.0,1.0
332,Germany_Baseload#19#0#10000106,2021-10-08 06:57:57.987000,130.0,3.0,131.0,1.0,129.97,2.0,133.25,4.0,129.5,2.0,134.0,1.0,126.0,1.0,134.5,1.0,125.0,1.0,135.0,1.0,124.6,5.0,136.0,2.0,123.0,2.0,137.0,2.0,122.0,2.0,138.0,1.0,121.21,1.0,138.5,3.0,120.0,1.0,140.0,1.0
333,Germany_Baseload#19#0#10000106,2021-10-08 06:58:04.737000,130.05,1.0,131.0,1.0,130.0,3.0,133.25,4.0,129.97,2.0,134.0,1.0,129.5,2.0,134.5,1.0,126.0,1.0,135.0,1.0,125.0,1.0,136.0,2.0,124.6,5.0,137.0,2.0,123.0,2.0,138.0,1.0,122.0,2.0,138.5,3.0,121.21,1.0,140.0,1.0
334,Germany_Baseload#19#0#10000106,2021-10-08 06:58:04.820000,130.05,2.0,131.0,1.0,130.0,2.0,133.25,4.0,129.97,2.0,134.0,1.0,129.5,2.0,134.5,1.0,126.0,1.0,135.0,1.0,125.0,1.0,136.0,2.0,124.6,5.0,137.0,2.0,123.0,2.0,138.0,1.0,122.0,2.0,138.5,3.0,121.21,1.0,140.0,1.0
335,Germany_Baseload#19#0#10000106,2021-10-08 06:58:14.569000,130.25,1.0,131.0,1.0,130.05,2.0,133.25,4.0,130.0,2.0,134.0,1.0,129.97,2.0,134.5,1.0,129.5,2.0,135.0,1.0,126.0,1.0,136.0,2.0,125.0,1.0,137.0,2.0,124.6,5.0,138.0,1.0,123.0,2.0,138.5,3.0,122.0,2.0,140.0,1.0
336,Germany_Baseload#19#0#10000106,2021-10-08 06:58:14.687000,130.25,1.0,131.0,1.0,130.05,2.0,133.25,4.0,130.0,2.0,134.0,1.0,129.97,2.0,134.5,1.0,129.5,2.0,135.0,1.0,126.05,1.0,136.0,2.0,126.0,1.0,137.0,2.0,125.0,1.0,138.0,1.0,124.6,5.0,138.5,3.0,123.0,2.0,140.0,1.0
337,Germany_Baseload#19#0#10000106,2021-10-08 06:58:18.396000,130.05,2.0,131.0,1.0,130.0,2.0,133.25,4.0,129.97,2.0,134.0,1.0,129.5,2.0,134.5,1.0,126.05,1.0,135.0,1.0,126.0,1.0,136.0,2.0,125.0,1.0,137.0,2.0,124.6,5.0,138.0,1.0,123.0,2.0,138.5,3.0,122.0,2.0,140.0,1.0
338,Germany_Baseload#19#0#10000106,2021-10-08 06:58:18.518000,130.05,2.0,131.0,1.0,130.0,2.0,133.25,4.0,129.97,2.0,134.0,1.0,129.5,2.0,134.5,1.0,126.0,1.0,135.0,1.0,125.0,1.0,136.0,2.0,124.6,5.0,137.0,2.0,123.0,2.0,138.0,1.0,122.0,2.0,138.5,3.0,121.21,1.0,140.0,1.0
339,Germany_Baseload#19#0#10000106,2021-10-08 06:58:19.177000,130.05,2.0,131.0,1.0,130.0,2.0,133.25,4.0,129.97,2.0,134.0,1.0,129.5,2.0,134.5,1.0,126.0,1.0,135.0,1.0,125.0,1.0,136.0,2.0,123.0,2.0,137.0,2.0,122.0,2.0,138.0,1.0,121.21,1.0,138.5,3.0,120.0,1.0,140.0,1.0
340,Germany_Baseload#19#0#10000106,2021-10-08 06:58:19.583000,130.05,2.0,131.0,1.0,130.0,2.0,133.25,4.0,129.97,2.0,134.0,1.0,129.5,2.0,134.5,1.0,126.0,1.0,135.0,1.0,125.0,1.0,136.0,2.0,123.0,2.0,137.0,2.0,122.0,2.0,138.0,1.0,121.21,1.0,138.5,3.0,120.0,1.0,140.0,1.0
341,Germany_Baseload#19#0#10000106,2021-10-08 06:58:31.316000,130.05,2.0,130.5,1.0,130.0,2.0,133.25,4.0,129.97,2.0,134.0,1.0,129.5,2.0,134.5,1.0,126.0,1.0,135.0,1.0,125.0,1.0,136.0,2.0,123.0,2.0,137.0,2.0,122.0,2.0,138.0,1.0,121.21,1.0,138.5,3.0,120.0,1.0,140.0,1.0
342,Germany_Baseload#19#0#10000106,2021-10-08 06:58:34.482000,130.05,2.0,130.5,1.0,130.0,2.0,133.25,4.0,129.97,2.0,134.0,1.0,129.5,2.0,134.5,1.0,126.0,1.0,135.0,1.0,125.0,1.0,136.0,2.0,124.6,5.0,137.0,2.0,123.0,2.0,138.0,1.0,122.0,2.0,138.5,3.0,121.21,1.0,140.0,1.0
343,Germany_Baseload#19#0#10000106,2021-10-08 06:58:35.812000,130.05,1.0,130.5,1.0,130.0,2.0,133.25,4.0,129.97,2.0,134.0,1.0,129.5,2.0,134.5,1.0,127.27,1.0,135.0,1.0,126.0,1.0,136.0,2.0,125.0,1.0,137.0,2.0,124.6,5.0,138.0,1.0,123.0,2.0,138.5,3.0,122.0,2.0,140.0,1.0
344,Germany_Baseload#19#0#10000106,2021-10-08 06:58:36.270000,130.05,1.0,130.5,1.0,130.0,3.0,133.25,4.0,129.97,2.0,134.0,1.0,129.5,2.0,134.5,1.0,126.0,1.0,135.0,1.0,125.0,1.0,136.0,2.0,124.6,5.0,137.0,2.0,123.0,2.0,138.0,1.0,122.0,2.0,138.5,3.0,121.21,1.0,140.0,1.0
345,Germany_Baseload#19#0#10000106,2021-10-08 06:58:38.153000,130.05,1.0,130.5,1.0,130.0,2.0,133.25,4.0,129.97,2.0,134.0,1.0,129.5,2.0,134.5,1.0,127.27,1.0,135.0,1.0,126.0,1.0,136.0,2.0,125.0,1.0,137.0,2.0,124.6,5.0,138.0,1.0,123.0,2.0,138.5,3.0,122.0,2.0,140.0,1.0
346,Germany_Baseload#19#0#10000106,2021-10-08 06:58:40.278000,130.05,1.0,130.5,1.0,130.0,3.0,133.25,4.0,129.97,2.0,134.0,1.0,129.5,2.0,134.5,1.0,126.0,1.0,135.0,1.0,125.0,1.0,136.0,2.0,124.6,5.0,137.0,2.0,123.0,2.0,138.0,1.0,122.0,2.0,138.5,3.0,121.21,1.0,140.0,1.0
347,Germany_Baseload#19#0#10000106,2021-10-08 06:58:40.747000,130.0,3.0,130.5,1.0,129.97,2.0,133.25,4.0,129.5,2.0,134.0,1.0,126.0,1.0,134.5,1.0,125.0,1.0,135.0,1.0,124.6,5.0,136.0,2.0,123.0,2.0,137.0,2.0,122.0,2.0,138.0,1.0,121.21,1.0,138.5,3.0,120.0,1.0,140.0,1.0
348,Germany_Baseload#19#0#10000106,2021-10-08 06:58:41.294000,130.0,2.0,130.5,1.0,129.97,2.0,133.25,4.0,129.5,2.0,134.0,1.0,127.27,1.0,134.5,1.0,126.0,1.0,135.0,1.0,125.0,1.0,136.0,2.0,124.6,5.0,137.0,2.0,123.0,2.0,138.0,1.0,122.0,2.0,138.5,3.0,121.21,1.0,140.0,1.0
349,Germany_Baseload#19#0#10000106,2021-10-08 06:58:45.225000,130.0,1.0,130.5,1.0,129.97,2.0,133.25,4.0,129.5,2.0,134.0,1.0,127.27,1.0,134.5,1.0,126.0,1.0,135.0,1.0,125.0,1.0,136.0,2.0,124.6,5.0,137.0,2.0,123.0,2.0,138.0,1.0,122.0,2.0,138.5,3.0,121.21,1.0,140.0,1.0
350,Germany_Baseload#19#0#10000106,2021-10-08 06:58:45.321000,130.0,1.0,130.5,1.0,129.97,2.0,133.25,4.0,129.5,2.0,134.0,1.0,127.3,1.0,134.5,1.0,127.27,1.0,135.0,1.0,126.0,1.0,136.0,2.0,125.0,1.0,137.0,2.0,124.6,5.0,138.0,1.0,123.0,2.0,138.5,3.0,122.0,2.0,140.0,1.0
351,Germany_Baseload#19#0#10000106,2021-10-08 06:58:45.415000,130.0,1.0,130.5,1.0,129.97,2.0,133.25,4.0,129.5,2.0,134.0,1.0,127.3,2.0,134.5,1.0,126.0,1.0,135.0,1.0,125.0,1.0,136.0,2.0,124.6,5.0,137.0,2.0,123.0,2.0,138.0,1.0,122.0,2.0,138.5,3.0,121.21,1.0,140.0,1.0
352,Germany_Baseload#19#0#10000106,2021-10-08 06:58:45.613000,130.0,1.0,130.5,1.0,129.97,2.0,133.25,4.0,129.5,1.0,134.0,1.0,127.3,1.0,134.5,1.0,126.0,1.0,135.0,1.0,125.0,1.0,136.0,2.0,124.6,5.0,137.0,2.0,123.0,2.0,138.0,1.0,122.0,2.0,138.5,3.0,121.21,1.0,140.0,1.0
353,Germany_Baseload#19#0#10000106,2021-10-08 06:58:45.735000,130.0,1.0,130.5,1.0,129.97,2.0,133.25,4.0,129.5,1.0,134.0,1.0,127.3,1.0,134.5,1.0,126.0,1.0,135.0,1.0,125.0,1.0,136.0,2.0,124.6,5.0,137.0,2.0,123.55,1.0,138.0,1.0,123.0,2.0,138.5,3.0,122.0,2.0,140.0,1.0
354,Germany_Baseload#19#0#10000106,2021-10-08 06:58:49.081000,130.0,1.0,133.25,4.0,129.97,2.0,134.0,1.0,129.5,1.0,134.5,1.0,127.3,1.0,135.0,1.0,126.0,1.0,136.0,2.0,125.0,1.0,137.0,2.0,124.6,5.0,138.0,1.0,123.55,1.0,138.5,3.0,123.0,2.0,140.0,1.0,122.0,2.0,145.0,1.0
355,Germany_Baseload#19#0#10000106,2021-10-08 06:58:49.082000,130.0,1.0,132.6,1.0,129.97,2.0,133.25,4.0,129.5,1.0,134.0,1.0,127.3,1.0,134.5,1.0,126.0,1.0,135.0,1.0,125.0,1.0,136.0,2.0,124.6,5.0,137.0,2.0,123.55,1.0,138.0,1.0,123.0,2.0,138.5,3.0,122.0,2.0,140.0,1.0
356,Germany_Baseload#19#0#10000106,2021-10-08 06:58:49.525000,130.05,1.0,132.6,1.0,130.0,1.0,133.25,4.0,129.97,2.0,134.0,1.0,129.5,1.0,134.5,1.0,127.3,1.0,135.0,1.0,126.0,1.0,136.0,2.0,125.0,1.0,137.0,2.0,124.6,5.0,138.0,1.0,123.55,1.0,138.5,3.0,123.0,2.0,140.0,1.0
357,Germany_Baseload#19#0#10000106,2021-10-08 06:58:49.653000,130.05,1.0,132.6,1.0,130.0,1.0,133.25,4.0,129.97,2.0,134.0,1.0,129.5,2.0,134.5,1.0,127.3,1.0,135.0,1.0,126.0,1.0,136.0,2.0,125.0,1.0,137.0,2.0,124.6,5.0,138.0,1.0,123.55,1.0,138.5,3.0,123.0,2.0,140.0,1.0
358,Germany_Baseload#19#0#10000106,2021-10-08 06:58:49.654000,130.05,1.0,132.6,1.0,130.0,1.0,133.25,4.0,129.97,2.0,134.0,1.0,129.5,2.0,134.5,1.0,127.3,1.0,135.0,1.0,126.0,1.0,136.0,2.0,125.5,1.0,137.0,2.0,125.0,1.0,138.0,1.0,124.6,5.0,138.5,3.0,123.0,2.0,140.0,1.0
359,Germany_Baseload#19#0#10000106,2021-10-08 06:58:49.655000,130.05,1.0,132.6,1.0,130.0,1.0,133.25,4.0,129.97,2.0,134.0,1.0,129.5,2.0,134.5,1.0,126.0,1.0,135.0,1.0,125.5,1.0,136.0,2.0,125.0,1.0,137.0,2.0,124.6,5.0,138.0,1.0,123.0,2.0,138.5,3.0,122.0,2.0,140.0,1.0
360,Germany_Baseload#19#0#10000106,2021-10-08 06:58:53.684000,130.0,1.0,132.6,1.0,129.97,2.0,133.25,4.0,129.5,2.0,134.0,1.0,126.0,1.0,134.5,1.0,125.5,1.0,135.0,1.0,125.0,1.0,136.0,2.0,124.6,5.0,137.0,2.0,123.0,2.0,138.0,1.0,122.0,2.0,138.5,3.0,121.21,1.0,140.0,1.0
361,Germany_Baseload#19#0#10000106,2021-10-08 06:58:53.803000,130.0,1.0,132.6,1.0,129.97,2.0,133.25,4.0,129.5,2.0,134.0,1.0,126.0,1.0,134.5,1.0,125.0,1.0,135.0,1.0,124.6,5.0,136.0,2.0,123.0,2.0,137.0,2.0,122.0,2.0,138.0,1.0,121.21,1.0,138.5,3.0,120.0,1.0,140.0,1.0
362,Germany_Baseload#19#0#10000106,2021-10-08 06:58:54.443000,130.0,1.0,132.6,1.0,129.97,2.0,133.25,4.0,129.5,1.0,134.0,1.0,126.0,1.0,134.5,1.0,125.0,1.0,135.0,1.0,124.6,5.0,136.0,2.0,123.0,2.0,137.0,2.0,122.0,2.0,138.0,1.0,121.21,1.0,138.5,3.0,120.0,1.0,140.0,1.0
363,Germany_Baseload#19#0#10000106,2021-10-08 06:58:54.639000,130.0,1.0,132.6,1.0,129.97,2.0,133.25,4.0,129.5,1.0,134.0,1.0,127.27,1.0,134.5,1.0,126.0,1.0,135.0,1.0,125.0,1.0,136.0,2.0,124.6,5.0,137.0,2.0,123.0,2.0,138.0,1.0,122.0,2.0,138.5,3.0,121.21,1.0,140.0,1.0
364,Germany_Baseload#19#0#10000106,2021-10-08 06:58:54.978000,130.0,1.0,132.6,1.0,129.97,2.0,133.25,4.0,129.5,2.0,134.0,1.0,127.27,2.0,134.5,1.0,126.0,1.0,135.0,1.0,125.0,1.0,136.0,2.0,124.6,5.0,137.0,2.0,123.0,2.0,138.0,1.0,122.0,2.0,138.5,3.0,121.21,1.0,140.0,1.0
365,Germany_Baseload#19#0#10000106,2021-10-08 06:58:56.349000,130.0,1.0,132.6,1.0,129.97,2.0,133.25,4.0,129.5,2.0,134.0,1.0,127.27,1.0,134.5,1.0,126.0,1.0,135.0,1.0,125.0,1.0,136.0,2.0,124.6,5.0,137.0,2.0,123.0,2.0,138.0,1.0,122.0,2.0,138.5,3.0,121.21,1.0,140.0,1.0
366,Germany_Baseload#19#0#10000106,2021-10-08 06:58:58.011000,130.0,1.0,132.6,1.0,129.97,2.0,133.25,4.0,129.5,2.0,134.0,1.0,127.27,1.0,134.5,1.0,126.0,1.0,135.0,1.0,125.0,1.0,136.0,2.0,124.6,5.0,137.0,2.0,123.0,2.0,138.0,1.0,122.0,2.0,138.5,3.0,121.21,1.0,140.0,1.0
367,Germany_Baseload#19#0#10000106,2021-10-08 06:58:59.542000,130.0,1.0,132.6,1.0,129.97,2.0,133.25,4.0,129.5,2.0,134.0,1.0,126.0,1.0,134.5,1.0,125.0,1.0,135.0,1.0,124.6,5.0,136.0,2.0,123.0,2.0,137.0,2.0,122.0,2.0,138.0,1.0,121.21,1.0,138.5,3.0,120.0,1.0,140.0,1.0
368,Germany_Baseload#19#0#10000106,2021-10-08 06:59:01.957000,130.0,1.0,132.6,1.0,129.97,2.0,133.25,4.0,129.5,2.0,134.0,1.0,127.27,1.0,134.5,1.0,126.0,1.0,135.0,1.0,125.0,1.0,136.0,2.0,124.6,5.0,137.0,2.0,123.0,2.0,138.0,1.0,122.0,2.0,138.5,3.0,121.21,1.0,140.0,1.0
369,Germany_Baseload#19#0#10000106,2021-10-08 06:59:01.958000,130.0,1.0,132.6,1.0,129.97,2.0,133.25,4.0,129.5,2.0,134.0,1.0,127.27,1.0,134.5,1.0,126.0,1.0,135.0,1.0,125.0,1.0,136.0,2.0,124.6,5.0,137.0,2.0,123.0,2.0,138.0,1.0,122.0,2.0,138.5,3.0,121.21,1.0,140.0,1.0
370,Germany_Baseload#19#0#10000106,2021-10-08 06:59:02.200000,130.0,1.0,132.6,1.0,129.97,2.0,133.25,4.0,129.5,2.0,134.0,1.0,126.0,1.0,134.5,1.0,125.0,1.0,135.0,1.0,124.6,5.0,136.0,2.0,123.0,2.0,137.0,2.0,122.0,2.0,138.0,1.0,121.21,1.0,138.5,3.0,120.0,1.0,140.0,1.0
371,Germany_Baseload#19#0#10000106,2021-10-08 06:59:02.280000,130.0,1.0,132.6,1.0,129.97,2.0,133.25,4.0,129.5,2.0,134.0,1.0,126.0,1.0,134.5,1.0,125.0,1.0,135.0,1.0,124.6,5.0,136.0,2.0,123.0,2.0,137.0,2.0,122.0,2.0,138.0,1.0,121.21,1.0,138.5,3.0,120.0,1.0,140.0,1.0
372,Germany_Baseload#19#0#10000106,2021-10-08 06:59:03.572000,130.0,1.0,132.6,1.0,129.97,2.0,133.25,4.0,129.5,2.0,134.0,1.0,126.0,1.0,134.5,1.0,125.0,1.0,135.0,1.0,124.6,5.0,136.0,2.0,123.0,2.0,137.0,2.0,122.0,2.0,138.0,1.0,121.21,1.0,138.5,3.0,120.0,1.0,140.0,1.0
373,Germany_Baseload#19#0#10000106,2021-10-08 06:59:04.355000,130.0,1.0,132.6,1.0,129.97,2.0,133.25,4.0,129.5,2.0,134.0,1.0,126.0,1.0,134.5,1.0,125.0,1.0,135.0,1.0,124.6,5.0,136.0,2.0,123.0,2.0,137.0,2.0,122.0,2.0,138.0,1.0,121.21,1.0,138.5,3.0,120.0,1.0,140.0,1.0
374,Germany_Baseload#19#0#10000106,2021-10-08 06:59:04.437000,130.0,1.0,132.6,1.0,129.97,2.0,133.25,4.0,129.5,2.0,134.0,1.0,127.3,1.0,134.5,1.0,126.0,1.0,135.0,1.0,125.0,1.0,136.0,2.0,124.6,5.0,137.0,2.0,123.0,2.0,138.0,1.0,122.0,2.0,138.5,3.0,121.21,1.0,140.0,1.0
375,Germany_Baseload#19#0#10000106,2021-10-08 06:59:07.329000,130.0,1.0,132.6,1.0,129.97,2.0,133.25,4.0,129.5,2.0,134.0,1.0,127.3,1.0,134.5,1.0,126.0,1.0,135.0,1.0,125.0,1.0,136.0,2.0,124.6,5.0,137.0,2.0,123.0,2.0,138.0,1.0,122.0,2.0,138.5,3.0,121.21,1.0,140.0,1.0
376,Germany_Baseload#19#0#10000106,2021-10-08 06:59:07.491000,130.0,1.0,132.6,1.0,129.97,2.0,133.25,4.0,129.5,2.0,134.0,1.0,127.3,1.0,134.5,1.0,126.0,1.0,135.0,1.0,125.0,1.0,136.0,2.0,124.6,5.0,137.0,2.0,123.5,2.0,138.0,1.0,123.0,2.0,138.5,3.0,122.0,2.0,140.0,1.0
377,Germany_Baseload#19#0#10000106,2021-10-08 06:59:07.655000,130.0,1.0,132.6,1.0,129.97,2.0,133.25,4.0,129.5,2.0,134.0,1.0,126.0,1.0,134.5,1.0,125.0,1.0,135.0,1.0,124.6,5.0,136.0,2.0,123.5,2.0,137.0,2.0,123.0,2.0,138.0,1.0,122.0,2.0,138.5,3.0,121.21,1.0,140.0,1.0
378,Germany_Baseload#19#0#10000106,2021-10-08 06:59:08.614000,129.97,2.0,132.6,1.0,129.5,2.0,133.25,4.0,126.0,1.0,134.0,1.0,125.0,1.0,134.5,1.0,124.6,5.0,135.0,1.0,123.5,2.0,136.0,2.0,123.0,2.0,137.0,2.0,122.0,2.0,138.0,1.0,121.21,1.0,138.5,3.0,120.0,1.0,140.0,1.0
379,Germany_Baseload#19#0#10000106,2021-10-08 06:59:08.646000,129.5,2.0,132.6,1.0,126.0,1.0,133.25,4.0,125.0,1.0,134.0,1.0,124.6,5.0,134.5,1.0,124.57,5.0,135.0,1.0,123.5,2.0,136.0,2.0,123.0,2.0,137.0,2.0,122.0,2.0,138.0,1.0,121.21,1.0,138.5,3.0,120.0,1.0,140.0,1.0
380,Germany_Baseload#19#0#10000106,2021-10-08 06:59:08.657000,129.97,1.0,132.6,1.0,129.5,2.0,133.25,4.0,126.0,1.0,134.0,1.0,125.0,1.0,134.5,1.0,124.6,5.0,135.0,1.0,123.5,2.0,136.0,2.0,123.0,2.0,137.0,2.0,122.0,2.0,138.0,1.0,121.21,1.0,138.5,3.0,120.0,1.0,140.0,1.0
381,Germany_Baseload#19#0#10000106,2021-10-08 06:59:08.659000,129.5,2.0,132.6,1.0,126.0,1.0,133.25,4.0,125.0,1.0,134.0,1.0,124.6,5.0,134.5,1.0,123.5,2.0,135.0,1.0,123.0,2.0,136.0,2.0,122.0,2.0,137.0,2.0,121.21,1.0,138.0,1.0,120.0,1.0,138.5,3.0,118.0,1.0,140.0,1.0
382,Germany_Baseload#19#0#10000106,2021-10-08 06:59:08.661000,129.5,2.0,132.6,1.0,126.0,1.0,133.25,4.0,125.0,1.0,134.0,1.0,124.6,5.0,134.5,1.0,124.57,10.0,135.0,1.0,123.5,2.0,136.0,2.0,123.0,2.0,137.0,2.0,122.0,2.0,138.0,1.0,121.21,1.0,138.5,3.0,120.0,1.0,140.0,1.0
383,Germany_Baseload#19#0#10000106,2021-10-08 06:59:13.911000,129.5,2.0,132.6,1.0,126.0,1.0,133.25,4.0,125.0,1.0,134.0,1.0,124.6,5.0,134.5,1.0,124.57,10.0,135.0,1.0,123.5,2.0,136.0,2.0,123.0,2.0,137.0,2.0,122.0,2.0,138.0,1.0,121.21,1.0,138.5,3.0,120.0,1.0,140.0,1.0
384,Germany_Baseload#19#0#10000106,2021-10-08 06:59:14.092000,129.5,2.0,132.6,1.0,126.0,1.0,133.25,4.0,125.0,1.0,133.5,1.0,124.6,5.0,134.0,1.0,124.57,10.0,134.5,1.0,123.5,2.0,135.0,1.0,123.0,2.0,136.0,2.0,122.0,2.0,137.0,2.0,121.21,1.0,138.0,1.0,120.0,1.0,138.5,3.0
385,Germany_Baseload#19#0#10000106,2021-10-08 06:59:18.669000,129.5,2.0,132.6,1.0,126.0,1.0,133.25,4.0,125.0,1.0,133.5,1.0,124.6,5.0,134.0,1.0,124.57,10.0,134.5,1.0,123.5,2.0,135.0,2.0,123.0,2.0,136.0,2.0,122.0,2.0,137.0,2.0,121.21,1.0,138.0,1.0,120.0,1.0,138.5,3.0
386,Germany_Baseload#19#0#10000106,2021-10-08 06:59:22.279000,129.5,2.0,132.6,1.0,126.0,1.0,133.25,4.0,125.0,1.0,133.3,2.0,124.6,5.0,133.5,1.0,124.57,10.0,134.0,1.0,123.5,2.0,134.5,1.0,123.0,2.0,135.0,2.0,122.0,2.0,136.0,2.0,121.21,1.0,137.0,2.0,120.0,1.0,138.0,1.0
387,Germany_Baseload#19#0#10000106,2021-10-08 06:59:23.581000,129.5,2.0,132.6,1.0,126.0,1.0,133.25,4.0,125.0,1.0,133.3,2.0,124.6,5.0,133.5,1.0,124.57,10.0,134.0,1.0,123.5,2.0,134.5,1.0,123.0,2.0,135.0,2.0,122.0,2.0,136.0,2.0,121.21,1.0,137.0,2.0,120.0,1.0,138.0,1.0
388,Germany_Baseload#19#0#10000106,2021-10-08 06:59:26.923000,129.5,2.0,130.0,1.0,126.0,1.0,133.25,4.0,125.0,1.0,133.3,2.0,124.6,5.0,133.5,1.0,124.57,10.0,134.0,1.0,123.5,2.0,134.5,1.0,123.0,2.0,135.0,2.0,122.0,2.0,136.0,2.0,121.21,1.0,137.0,2.0,120.0,1.0,138.0,1.0
389,Germany_Baseload#19#0#10000106,2021-10-08 06:59:27.071000,129.5,2.0,130.0,1.0,126.0,1.0,133.25,4.0,125.0,1.0,133.3,1.0,124.6,5.0,133.5,1.0,124.57,10.0,134.0,1.0,123.5,2.0,134.5,1.0,123.0,2.0,135.0,2.0,122.0,2.0,136.0,2.0,121.21,1.0,137.0,2.0,120.0,1.0,138.0,1.0
390,Germany_Baseload#19#0#10000106,2021-10-08 06:59:28.834000,129.5,2.0,130.0,1.0,127.4,5.0,133.25,4.0,126.0,1.0,133.3,1.0,125.0,1.0,133.5,1.0,124.57,10.0,134.0,1.0,123.5,2.0,134.5,1.0,123.0,2.0,135.0,2.0,122.0,2.0,136.0,2.0,121.21,1.0,137.0,2.0,120.0,1.0,138.0,1.0
391,Germany_Baseload#19#0#10000106,2021-10-08 06:59:28.866000,129.5,2.0,130.0,1.0,127.4,5.0,133.25,4.0,127.37,5.0,133.3,1.0,126.0,1.0,133.5,1.0,125.0,1.0,134.0,1.0,123.5,2.0,134.5,1.0,123.0,2.0,135.0,2.0,122.0,2.0,136.0,2.0,121.21,1.0,137.0,2.0,120.0,1.0,138.0,1.0
392,Germany_Baseload#19#0#10000106,2021-10-08 06:59:28.872000,129.5,2.0,130.0,1.0,127.4,5.0,133.25,4.0,126.0,1.0,133.3,1.0,125.0,1.0,133.5,1.0,124.57,5.0,134.0,1.0,123.5,2.0,134.5,1.0,123.0,2.0,135.0,2.0,122.0,2.0,136.0,2.0,121.21,1.0,137.0,2.0,120.0,1.0,138.0,1.0
