,key,Datetime,BidPrice_0,BidVolume_0,AskPrice_0,AskVolume_0,BidPrice_1,BidVolume_1,AskPrice_1,AskVolume_1,BidPrice_2,BidVolume_2,AskPrice_2,AskVolume_2,BidPrice_3,BidVolume_3,AskPrice_3,AskVolume_3,BidPrice_4,BidVolume_4,AskPrice_4,AskVolume_4,BidPrice_5,BidVolume_5,AskPrice_5,AskVolume_5,BidPrice_6,BidVolume_6,AskPrice_6,AskVolume_6,BidPrice_7,BidVolume_7,AskPrice_7,AskVolume_7,BidPrice_8,BidVolume_8,AskPrice_8,AskVolume_8,BidPrice_9,BidVolume_9,AskPrice_9,AskVolume_9
0,Germany_Baseload#19#0#10000106,2021-10-29 06:00:01.450000,105.55,10.0,,,52.0,1.0,,,48.0,3.0,,,,,,,,,,,,,,,,,,,,,,,,,,,,,,
1,Germany_Baseload#19#0#10000106,2021-10-29 06:00:33.145000,112.0,1.0,,,105.55,10.0,,,52.0,1.0,,,48.0,3.0,,,,,,,,,,,,,,,,,,,,,,,,,,
2,Germany_Baseload#19#0#10000106,2021-10-29 06:01:49.891000,112.0,1.0,120.0,1.0,105.55,10.0,,,52.0,1.0,,,48.0,3.0,,,,,,,,,,,,,,,,,,,,,,,,,,
3,Germany_Baseload#19#0#10000106,2021-10-29 06:02:50.540000,112.5,1.0,120.0,1.0,105.55,10.0,,,52.0,1.0,,,48.0,3.0,,,,,,,,,,,,,,,,,,,,,,,,,,
4,Germany_Baseload#19#0#10000106,2021-10-29 06:03:14.380000,112.5,1.0,130.0,1.0,105.55,10.0,,,52.0,1.0,,,48.0,3.0,,,,,,,,,,,,,,,,,,,,,,,,,,
5,Germany_Baseload#19#0#10000106,2021-10-29 06:04:46.625000,112.5,1.0,129.0,1.0,105.55,10.0,130.0,1.0,52.0,1.0,,,48.0,3.0,,,,,,,,,,,,,,,,,,,,,,,,,,
6,Germany_Baseload#19#0#10000106,2021-10-29 06:06:55.702000,112.75,1.0,129.0,1.0,112.5,1.0,130.0,1.0,105.55,10.0,,,52.0,1.0,,,48.0,3.0,,,,,,,,,,,,,,,,,,,,,,
7,Germany_Baseload#19#0#10000106,2021-10-29 06:06:58.098000,112.75,1.0,120.0,1.0,112.5,1.0,129.0,1.0,105.55,10.0,130.0,1.0,52.0,1.0,,,48.0,3.0,,,,,,,,,,,,,,,,,,,,,,
8,Germany_Baseload#19#0#10000106,2021-10-29 06:07:31.227000,113.0,1.0,120.0,1.0,112.75,1.0,129.0,1.0,105.55,10.0,130.0,1.0,52.0,1.0,,,48.0,3.0,,,,,,,,,,,,,,,,,,,,,,
9,Germany_Baseload#19#0#10000106,2021-10-29 06:11:48.660000,113.0,1.0,120.0,1.0,112.75,1.0,130.0,1.0,105.55,10.0,,,52.0,1.0,,,48.0,3.0,,,,,,,,,,,,,,,,,,,,,,
10,Germany_Baseload#19#0#10000106,2021-10-29 06:11:48.691000,113.0,1.0,119.0,1.0,112.75,1.0,120.0,1.0,105.55,10.0,130.0,1.0,52.0,1.0,,,48.0,3.0,,,,,,,,,,,,,,,,,,,,,,
11,Germany_Baseload#19#0#10000106,2021-10-29 06:12:23.073000,113.0,1.0,119.0,1.0,105.55,10.0,120.0,1.0,52.0,1.0,130.0,1.0,48.0,3.0,,,,,,,,,,,,,,,,,,,,,,,,,,
12,Germany_Baseload#19#0#10000106,2021-10-29 06:12:23.157000,113.25,1.0,119.0,1.0,113.0,1.0,120.0,1.0,105.55,10.0,130.0,1.0,52.0,1.0,,,48.0,3.0,,,,,,,,,,,,,,,,,,,,,,
13,Germany_Baseload#19#0#10000106,2021-10-29 06:12:58.030000,113.72,1.0,119.0,1.0,113.25,1.0,120.0,1.0,105.55,10.0,130.0,1.0,52.0,1.0,,,48.0,3.0,,,,,,,,,,,,,,,,,,,,,,
14,Germany_Baseload#19#0#10000106,2021-10-29 06:13:05.418000,113.72,1.0,120.0,2.0,113.25,1.0,130.0,1.0,105.55,10.0,,,52.0,1.0,,,48.0,3.0,,,,,,,,,,,,,,,,,,,,,,
15,Germany_Baseload#19#0#10000106,2021-10-29 06:17:24.715000,113.72,1.0,120.0,1.0,113.25,1.0,130.0,1.0,105.55,10.0,,,52.0,1.0,,,48.0,3.0,,,,,,,,,,,,,,,,,,,,,,
16,Germany_Baseload#19#0#10000106,2021-10-29 06:17:25.077000,113.72,1.0,119.0,1.0,113.25,1.0,120.0,1.0,105.55,10.0,130.0,1.0,52.0,1.0,,,48.0,3.0,,,,,,,,,,,,,,,,,,,,,,
17,Germany_Baseload#19#0#10000106,2021-10-29 06:17:51.984000,113.72,1.0,117.0,1.0,113.25,1.0,119.0,1.0,105.55,10.0,120.0,1.0,52.0,1.0,130.0,1.0,48.0,3.0,,,,,,,,,,,,,,,,,,,,,,
18,Germany_Baseload#19#0#10000106,2021-10-29 06:18:05.818000,113.72,1.0,117.0,1.0,113.25,1.0,120.0,1.0,105.55,10.0,130.0,1.0,52.0,1.0,,,48.0,3.0,,,,,,,,,,,,,,,,,,,,,,
19,Germany_Baseload#19#0#10000106,2021-10-29 06:18:12.788000,113.72,1.0,120.0,1.0,113.25,1.0,130.0,1.0,105.55,10.0,,,52.0,1.0,,,48.0,3.0,,,,,,,,,,,,,,,,,,,,,,
20,Germany_Baseload#19#0#10000106,2021-10-29 06:18:31.906000,113.72,1.0,119.0,1.0,113.25,1.0,120.0,1.0,105.55,10.0,130.0,1.0,52.0,1.0,,,48.0,3.0,,,,,,,,,,,,,,,,,,,,,,
21,Germany_Baseload#19#0#10000106,2021-10-29 06:18:45.646000,113.72,1.0,118.0,1.0,113.25,1.0,119.0,1.0,105.55,10.0,120.0,1.0,52.0,1.0,130.0,1.0,48.0,3.0,,,,,,,,,,,,,,,,,,,,,,
22,Germany_Baseload#19#0#10000106,2021-10-29 06:18:53.320000,113.72,1.0,118.0,2.0,113.25,1.0,119.0,1.0,105.55,10.0,120.0,1.0,52.0,1.0,130.0,1.0,48.0,3.0,,,,,,,,,,,,,,,,,,,,,,
23,Germany_Baseload#19#0#10000106,2021-10-29 06:18:56.891000,113.72,1.0,118.0,2.0,113.25,1.0,119.0,1.0,105.55,10.0,120.0,1.0,52.0,1.0,123.43,1.0,48.0,3.0,130.0,1.0,,,,,,,,,,,,,,,,,,,,
24,Germany_Baseload#19#0#10000106,2021-10-29 06:18:59.829000,113.72,1.0,118.0,2.0,113.25,1.0,120.0,1.0,105.55,10.0,123.43,1.0,52.0,1.0,130.0,1.0,48.0,3.0,,,,,,,,,,,,,,,,,,,,,,
25,Germany_Baseload#19#0#10000106,2021-10-29 06:18:59.858000,113.72,1.0,117.0,1.0,113.25,1.0,118.0,2.0,105.55,10.0,120.0,1.0,52.0,1.0,123.43,1.0,48.0,3.0,130.0,1.0,,,,,,,,,,,,,,,,,,,,
26,Germany_Baseload#19#0#10000106,2021-10-29 06:19:18.274000,113.72,1.0,117.0,2.0,113.25,1.0,118.0,2.0,105.55,10.0,120.0,1.0,52.0,1.0,123.43,1.0,48.0,3.0,130.0,1.0,,,,,,,,,,,,,,,,,,,,
27,Germany_Baseload#19#0#10000106,2021-10-29 06:19:20.874000,114.0,1.0,117.0,2.0,113.72,1.0,118.0,2.0,113.25,1.0,120.0,1.0,105.55,10.0,123.43,1.0,52.0,1.0,130.0,1.0,48.0,3.0,,,,,,,,,,,,,,,,,,
28,Germany_Baseload#19#0#10000106,2021-10-29 06:19:22.763000,114.0,1.0,117.0,1.0,113.72,1.0,118.0,2.0,113.25,1.0,120.0,1.0,105.55,10.0,123.43,1.0,52.0,1.0,130.0,1.0,48.0,3.0,,,,,,,,,,,,,,,,,,
29,Germany_Baseload#19#0#10000106,2021-10-29 06:19:23.848000,114.0,1.0,117.0,1.0,113.72,1.0,118.0,2.0,113.25,1.0,118.5,1.0,105.55,10.0,120.0,1.0,52.0,1.0,123.43,1.0,48.0,3.0,130.0,1.0,,,,,,,,,,,,,,,,
30,Germany_Baseload#19#0#10000106,2021-10-29 06:19:27.617000,114.0,1.0,117.0,1.0,113.72,1.0,118.0,1.0,113.25,1.0,118.5,1.0,105.55,10.0,120.0,1.0,52.0,1.0,123.43,1.0,48.0,3.0,130.0,1.0,,,,,,,,,,,,,,,,
31,Germany_Baseload#19#0#10000106,2021-10-29 06:19:30.820000,114.0,1.0,117.0,2.0,113.72,1.0,118.0,1.0,113.25,1.0,118.5,1.0,105.55,10.0,120.0,1.0,52.0,1.0,123.43,1.0,48.0,3.0,130.0,1.0,,,,,,,,,,,,,,,,
32,Germany_Baseload#19#0#10000106,2021-10-29 06:19:43.032000,114.2,1.0,117.0,2.0,114.0,1.0,118.0,1.0,113.25,1.0,118.5,1.0,105.55,10.0,120.0,1.0,52.0,1.0,123.43,1.0,48.0,3.0,130.0,1.0,,,,,,,,,,,,,,,,
33,Germany_Baseload#19#0#10000106,2021-10-29 06:19:44.463000,114.2,1.0,117.0,2.0,114.0,1.0,118.0,1.0,113.25,1.0,118.5,1.0,105.55,10.0,120.0,1.0,52.0,1.0,123.43,1.0,48.0,3.0,130.0,1.0,,,,,,,,,,,,,,,,
34,Germany_Baseload#19#0#10000106,2021-10-29 06:20:13.410000,114.2,1.0,117.0,4.0,114.0,1.0,118.0,1.0,113.25,1.0,118.5,1.0,105.55,10.0,120.0,1.0,52.0,1.0,123.43,1.0,48.0,3.0,130.0,1.0,,,,,,,,,,,,,,,,
35,Germany_Baseload#19#0#10000106,2021-10-29 06:20:41.844000,114.2,1.0,116.9,2.0,114.0,1.0,117.0,4.0,113.25,1.0,118.0,1.0,105.55,10.0,118.5,1.0,52.0,1.0,120.0,1.0,48.0,3.0,123.43,1.0,,,130.0,1.0,,,,,,,,,,,,
36,Germany_Baseload#19#0#10000106,2021-10-29 06:20:56.302000,114.2,1.0,116.8,1.0,114.0,1.0,116.9,2.0,113.25,1.0,117.0,4.0,105.55,10.0,118.0,1.0,52.0,1.0,118.5,1.0,48.0,3.0,120.0,1.0,,,123.43,1.0,,,130.0,1.0,,,,,,,,
37,Germany_Baseload#19#0#10000106,2021-10-29 06:20:58.800000,114.2,1.0,116.75,1.0,114.0,1.0,116.8,1.0,113.25,1.0,116.9,2.0,105.55,10.0,117.0,3.0,52.0,1.0,118.0,1.0,48.0,3.0,118.5,1.0,,,120.0,1.0,,,123.43,1.0,,,130.0,1.0,,,,
38,Germany_Baseload#19#0#10000106,2021-10-29 06:21:31.671000,114.2,1.0,116.75,1.0,114.0,1.0,116.9,2.0,113.25,1.0,117.0,3.0,105.55,10.0,118.0,1.0,52.0,1.0,118.5,1.0,48.0,3.0,120.0,1.0,,,123.43,1.0,,,130.0,1.0,,,,,,,,
39,Germany_Baseload#19#0#10000106,2021-10-29 06:23:41.296000,114.2,1.0,116.75,1.0,114.0,1.0,116.9,2.0,113.25,1.0,117.0,3.0,105.55,10.0,118.0,1.0,52.0,1.0,118.5,1.0,48.0,3.0,120.0,1.0,,,123.43,1.0,,,,,,,,,,,,
40,Germany_Baseload#19#0#10000106,2021-10-29 06:24:50.468000,114.2,1.0,116.0,1.0,114.0,1.0,116.75,1.0,113.25,1.0,116.9,2.0,105.55,10.0,117.0,3.0,52.0,1.0,118.0,1.0,48.0,3.0,118.5,1.0,,,120.0,1.0,,,123.43,1.0,,,,,,,,
41,Germany_Baseload#19#0#10000106,2021-10-29 06:25:02.934000,114.2,1.0,116.0,1.0,114.0,1.0,116.75,1.0,105.55,10.0,116.9,2.0,52.0,1.0,117.0,3.0,48.0,3.0,118.0,1.0,,,118.5,1.0,,,120.0,1.0,,,123.43,1.0,,,,,,,,
42,Germany_Baseload#19#0#10000106,2021-10-29 06:25:15.694000,114.2,1.0,116.0,2.0,114.0,1.0,116.75,1.0,105.55,10.0,116.9,2.0,52.0,1.0,117.0,3.0,48.0,3.0,118.0,1.0,,,118.5,1.0,,,120.0,1.0,,,123.43,1.0,,,,,,,,
43,Germany_Baseload#19#0#10000106,2021-10-29 06:25:16.524000,114.2,1.0,116.0,1.0,114.0,1.0,116.75,1.0,105.55,10.0,116.9,2.0,52.0,1.0,117.0,3.0,48.0,3.0,118.0,1.0,,,118.5,1.0,,,120.0,1.0,,,123.43,1.0,,,,,,,,
44,Germany_Baseload#19#0#10000106,2021-10-29 06:25:17.635000,114.0,2.0,116.0,1.0,105.55,10.0,116.75,1.0,52.0,1.0,116.9,2.0,48.0,3.0,117.0,3.0,,,118.0,1.0,,,118.5,1.0,,,120.0,1.0,,,123.43,1.0,,,,,,,,
45,Germany_Baseload#19#0#10000106,2021-10-29 06:25:55.063000,114.0,1.0,116.0,1.0,105.55,10.0,116.75,1.0,52.0,1.0,116.9,2.0,48.0,3.0,117.0,3.0,,,118.0,1.0,,,118.5,1.0,,,120.0,1.0,,,123.43,1.0,,,,,,,,
46,Germany_Baseload#19#0#10000106,2021-10-29 06:26:09.369000,114.0,1.0,116.0,1.0,105.55,10.0,116.75,1.0,103.0,1.0,116.9,2.0,52.0,1.0,117.0,3.0,48.0,3.0,118.0,1.0,,,118.5,1.0,,,120.0,1.0,,,123.43,1.0,,,,,,,,
47,Germany_Baseload#19#0#10000106,2021-10-29 06:26:37.383000,114.0,1.0,116.0,1.0,105.55,10.0,116.75,1.0,103.0,1.0,116.9,2.0,52.0,1.0,117.0,3.0,48.0,3.0,118.0,2.0,,,118.5,1.0,,,120.0,1.0,,,123.43,1.0,,,,,,,,
48,Germany_Baseload#19#0#10000106,2021-10-29 06:26:58.478000,114.0,1.0,116.0,1.0,105.55,10.0,116.75,1.0,103.0,1.0,116.9,2.0,52.0,1.0,117.0,3.0,48.0,3.0,118.0,2.0,,,118.5,1.0,,,120.0,1.0,,,123.43,1.0,,,,,,,,
49,Germany_Baseload#19#0#10000106,2021-10-29 06:27:07.475000,114.0,1.0,116.0,1.0,105.55,10.0,116.75,1.0,103.0,1.0,116.9,2.0,52.0,1.0,117.0,3.0,48.0,3.0,118.0,2.0,,,118.5,1.0,,,120.0,1.0,,,123.43,1.0,,,,,,,,
50,Germany_Baseload#19#0#10000106,2021-10-29 06:27:36.867000,114.0,1.0,116.0,2.0,105.55,10.0,116.9,2.0,103.0,1.0,117.0,3.0,52.0,1.0,118.0,2.0,48.0,3.0,118.5,1.0,,,120.0,1.0,,,123.43,1.0,,,,,,,,,,,,
51,Germany_Baseload#19#0#10000106,2021-10-29 06:29:03.607000,114.0,1.0,116.0,2.0,105.55,10.0,116.9,2.0,103.0,1.0,117.0,3.0,52.0,1.0,118.0,2.0,48.0,3.0,118.5,1.0,,,120.0,1.0,,,123.43,1.0,,,,,,,,,,,,
52,Germany_Baseload#19#0#10000106,2021-10-29 06:30:36.963000,114.0,1.0,115.9,2.0,105.55,10.0,116.0,2.0,103.0,1.0,116.9,2.0,52.0,1.0,117.0,3.0,48.0,3.0,118.0,2.0,,,118.5,1.0,,,120.0,1.0,,,123.43,1.0,,,,,,,,
53,Germany_Baseload#19#0#10000106,2021-10-29 06:30:37.052000,114.0,1.0,115.9,3.0,105.55,10.0,116.0,1.0,103.0,1.0,116.9,2.0,52.0,1.0,117.0,3.0,48.0,3.0,118.0,2.0,,,118.5,1.0,,,120.0,1.0,,,123.43,1.0,,,,,,,,
54,Germany_Baseload#19#0#10000106,2021-10-29 06:30:41.886000,114.0,1.0,115.9,3.0,105.55,10.0,116.0,1.0,103.0,1.0,116.9,2.0,52.0,1.0,117.0,3.0,48.0,3.0,118.0,2.0,,,118.5,1.0,,,120.0,1.0,,,123.43,1.0,,,,,,,,
55,Germany_Baseload#19#0#10000106,2021-10-29 06:31:39.302000,114.0,1.0,115.9,2.0,105.55,10.0,116.0,1.0,103.0,1.0,116.9,2.0,52.0,1.0,117.0,3.0,48.0,3.0,118.0,2.0,,,118.5,1.0,,,120.0,1.0,,,123.43,1.0,,,,,,,,
56,Germany_Baseload#19#0#10000106,2021-10-29 06:32:14.632000,114.0,1.0,115.9,2.0,105.55,10.0,116.0,1.0,103.0,1.0,116.9,2.0,52.0,1.0,117.0,3.0,48.0,3.0,118.0,2.0,,,118.5,1.0,,,120.0,1.0,,,123.43,1.0,,,,,,,,
57,Germany_Baseload#19#0#10000106,2021-10-29 06:32:47.597000,114.0,1.0,115.9,2.0,105.55,10.0,116.0,1.0,103.0,1.0,116.9,2.0,52.0,1.0,117.0,3.0,48.0,3.0,118.0,2.0,,,118.5,1.0,,,120.0,1.0,,,123.43,1.0,,,,,,,,
58,Germany_Baseload#19#0#10000106,2021-10-29 06:34:04.881000,114.0,1.0,115.9,2.0,105.55,10.0,116.0,1.0,103.0,1.0,116.9,2.0,52.0,1.0,117.0,1.0,48.0,3.0,118.0,2.0,,,118.5,1.0,,,120.0,1.0,,,123.43,1.0,,,,,,,,
59,Germany_Baseload#19#0#10000106,2021-10-29 06:35:38.828000,114.15,1.0,115.9,2.0,114.0,1.0,116.0,1.0,105.55,10.0,116.9,2.0,103.0,1.0,117.0,1.0,52.0,1.0,118.0,2.0,48.0,3.0,118.5,1.0,,,120.0,1.0,,,123.43,1.0,,,,,,,,
60,Germany_Baseload#19#0#10000106,2021-10-29 06:35:51.183000,114.15,1.0,115.9,2.0,114.0,1.0,116.0,1.0,105.55,10.0,116.9,2.0,103.0,1.0,117.0,1.0,52.0,1.0,118.0,2.0,48.0,3.0,118.5,1.0,,,120.0,1.0,,,123.43,1.0,,,,,,,,
61,Germany_Baseload#19#0#10000106,2021-10-29 06:35:55.307000,114.15,1.0,115.9,2.0,114.0,1.0,116.0,1.0,105.55,10.0,116.9,2.0,103.0,1.0,117.0,1.0,52.0,1.0,118.0,2.0,48.0,3.0,118.5,1.0,,,120.0,1.0,,,123.43,1.0,,,,,,,,
62,Germany_Baseload#19#0#10000106,2021-10-29 06:37:13.466000,114.15,1.0,115.9,2.0,114.0,1.0,116.9,2.0,105.55,10.0,117.0,1.0,103.0,1.0,118.0,2.0,52.0,1.0,118.5,1.0,48.0,3.0,120.0,1.0,,,123.43,1.0,,,,,,,,,,,,
63,Germany_Baseload#19#0#10000106,2021-10-29 06:37:13.476000,114.15,1.0,115.75,1.0,114.0,1.0,115.9,2.0,105.55,10.0,116.9,2.0,103.0,1.0,117.0,1.0,52.0,1.0,118.0,2.0,48.0,3.0,118.5,1.0,,,120.0,1.0,,,123.43,1.0,,,,,,,,
64,Germany_Baseload#19#0#10000106,2021-10-29 06:38:16.939000,114.15,1.0,115.75,2.0,114.0,1.0,115.9,2.0,105.55,10.0,116.9,2.0,103.0,1.0,117.0,1.0,52.0,1.0,118.0,2.0,48.0,3.0,118.5,1.0,,,120.0,1.0,,,123.43,1.0,,,,,,,,
65,Germany_Baseload#19#0#10000106,2021-10-29 06:39:16.585000,114.15,1.0,115.75,2.0,114.0,1.0,115.9,2.0,105.55,10.0,116.9,2.0,103.0,1.0,117.0,1.0,52.0,1.0,118.0,2.0,48.0,3.0,118.5,1.0,,,120.0,1.0,,,123.43,1.0,,,,,,,,
66,Germany_Baseload#19#0#10000106,2021-10-29 06:42:22.871000,114.15,1.0,115.75,2.0,114.0,1.0,115.9,2.0,105.55,10.0,116.9,2.0,103.0,1.0,117.0,1.0,52.0,1.0,118.0,2.0,48.0,3.0,118.5,1.0,,,119.71,5.0,,,120.0,1.0,,,123.43,1.0,,,,
67,Germany_Baseload#19#0#10000106,2021-10-29 06:44:06.076000,114.15,1.0,115.75,2.0,114.0,1.0,115.9,2.0,105.55,10.0,116.9,2.0,103.0,1.0,117.0,1.0,52.0,1.0,118.0,2.0,48.0,3.0,118.5,1.0,,,119.71,5.0,,,120.0,1.0,,,123.43,1.0,,,,
68,Germany_Baseload#19#0#10000106,2021-10-29 06:44:07.882000,114.15,1.0,115.75,2.0,114.0,1.0,115.9,2.0,105.55,10.0,116.9,2.0,103.0,1.0,117.0,1.0,52.0,1.0,118.0,2.0,48.0,3.0,118.5,1.0,,,120.0,1.0,,,123.43,1.0,,,,,,,,
69,Germany_Baseload#19#0#10000106,2021-10-29 06:44:07.971000,114.15,1.0,115.75,2.0,114.0,1.0,115.9,2.0,105.55,10.0,116.9,2.0,103.0,1.0,117.0,1.0,52.0,1.0,118.0,2.0,48.0,3.0,118.5,1.0,,,119.77,5.0,,,120.0,1.0,,,123.43,1.0,,,,
70,Germany_Baseload#19#0#10000106,2021-10-29 06:45:11.412000,114.15,1.0,115.75,2.0,114.0,1.0,115.9,2.0,105.55,10.0,116.9,2.0,103.0,1.0,117.0,1.0,52.0,1.0,118.0,2.0,48.0,3.0,118.5,1.0,,,120.0,1.0,,,123.43,1.0,,,,,,,,
71,Germany_Baseload#19#0#10000106,2021-10-29 06:45:11.511000,114.15,1.0,115.75,2.0,114.0,1.0,115.9,2.0,105.55,10.0,116.9,2.0,103.0,1.0,117.0,1.0,52.0,1.0,118.0,2.0,48.0,3.0,118.5,1.0,,,119.79,5.0,,,120.0,1.0,,,123.43,1.0,,,,
72,Germany_Baseload#19#0#10000106,2021-10-29 06:46:11.764000,114.15,1.0,115.75,2.0,114.0,1.0,115.9,2.0,105.55,10.0,116.9,2.0,103.0,1.0,117.0,1.0,52.0,1.0,118.0,2.0,48.0,3.0,118.5,1.0,,,119.77,5.0,,,120.0,1.0,,,123.43,1.0,,,,
73,Germany_Baseload#19#0#10000106,2021-10-29 06:47:21.060000,114.15,1.0,115.75,2.0,114.0,1.0,115.9,2.0,105.55,10.0,116.9,2.0,103.0,1.0,117.0,1.0,52.0,1.0,118.0,2.0,48.0,3.0,118.5,1.0,,,119.75,5.0,,,120.0,1.0,,,123.43,1.0,,,,
74,Germany_Baseload#19#0#10000106,2021-10-29 06:47:57.877000,114.0,1.0,115.75,2.0,105.55,10.0,115.9,2.0,103.0,1.0,116.9,2.0,52.0,1.0,117.0,1.0,48.0,3.0,118.0,2.0,,,118.5,1.0,,,119.75,5.0,,,120.0,1.0,,,123.43,1.0,,,,
75,Germany_Baseload#19#0#10000106,2021-10-29 06:49:40.442000,114.0,1.0,115.75,2.0,105.55,10.0,115.9,2.0,103.0,1.0,116.9,2.0,52.0,1.0,117.0,1.0,48.0,3.0,118.0,2.0,,,118.5,1.0,,,119.56,5.0,,,120.0,1.0,,,123.43,1.0,,,,
76,Germany_Baseload#19#0#10000106,2021-10-29 06:50:43.569000,114.0,1.0,115.75,2.0,105.55,10.0,115.9,2.0,103.0,1.0,116.9,2.0,52.0,1.0,117.0,1.0,48.0,3.0,118.0,2.0,,,118.5,1.0,,,120.0,1.0,,,123.43,1.0,,,,,,,,
77,Germany_Baseload#19#0#10000106,2021-10-29 06:50:43.664000,114.0,1.0,115.75,2.0,105.55,10.0,115.9,2.0,103.0,1.0,116.9,2.0,52.0,1.0,117.0,1.0,48.0,3.0,118.0,2.0,,,118.5,1.0,,,119.64,5.0,,,120.0,1.0,,,123.43,1.0,,,,
78,Germany_Baseload#19#0#10000106,2021-10-29 06:51:48.574000,114.0,1.0,115.75,2.0,105.55,10.0,115.9,2.0,103.0,1.0,116.9,2.0,52.0,1.0,117.0,1.0,48.0,3.0,118.0,2.0,,,118.5,1.0,,,119.53,5.0,,,120.0,1.0,,,123.43,1.0,,,,
79,Germany_Baseload#19#0#10000106,2021-10-29 06:52:49.289000,114.0,1.0,115.75,2.0,105.55,10.0,115.9,2.0,103.0,1.0,116.9,2.0,52.0,1.0,117.0,1.0,48.0,3.0,118.0,2.0,,,118.5,1.0,,,119.52,5.0,,,120.0,1.0,,,123.43,1.0,,,,
80,Germany_Baseload#19#0#10000106,2021-10-29 06:53:09.222000,113.0,1.0,115.75,2.0,105.55,10.0,115.9,2.0,103.0,1.0,116.9,2.0,52.0,1.0,117.0,1.0,48.0,3.0,118.0,2.0,,,118.5,1.0,,,119.52,5.0,,,120.0,1.0,,,123.43,1.0,,,,
81,Germany_Baseload#19#0#10000106,2021-10-29 06:53:27.873000,113.0,1.0,115.5,1.0,105.55,10.0,115.75,2.0,103.0,1.0,115.9,2.0,52.0,1.0,116.9,2.0,48.0,3.0,117.0,1.0,,,118.0,2.0,,,118.5,1.0,,,119.52,5.0,,,120.0,1.0,,,123.43,1.0
82,Germany_Baseload#19#0#10000106,2021-10-29 06:54:28.062000,113.0,6.0,115.5,1.0,105.55,10.0,115.75,2.0,103.0,1.0,115.9,2.0,52.0,1.0,116.9,2.0,48.0,3.0,117.0,1.0,,,118.0,2.0,,,118.5,1.0,,,119.52,5.0,,,120.0,1.0,,,123.43,1.0
83,Germany_Baseload#19#0#10000106,2021-10-29 06:54:58.481000,113.0,6.0,115.5,1.0,105.55,10.0,115.75,2.0,103.0,1.0,115.9,2.0,52.0,1.0,116.9,2.0,48.0,3.0,117.0,1.0,,,118.0,2.0,,,118.5,1.0,,,120.0,1.0,,,123.43,1.0,,,,
84,Germany_Baseload#19#0#10000106,2021-10-29 06:54:58.573000,113.0,6.0,115.5,1.0,105.55,10.0,115.75,2.0,103.0,1.0,115.9,2.0,52.0,1.0,116.9,2.0,48.0,3.0,117.0,1.0,,,118.0,2.0,,,118.5,1.0,,,119.57,5.0,,,120.0,1.0,,,123.43,1.0
85,Germany_Baseload#19#0#10000106,2021-10-29 06:56:54.941000,113.0,6.0,115.5,1.0,105.55,10.0,115.75,2.0,103.0,1.0,115.9,2.0,52.0,1.0,116.9,2.0,48.0,3.0,117.0,1.0,,,118.0,2.0,,,118.5,1.0,,,119.57,5.0,,,120.0,1.0,,,122.0,5.0
86,Germany_Baseload#19#0#10000106,2021-10-29 06:57:46.828000,113.05,1.0,115.5,1.0,113.0,6.0,115.75,2.0,105.55,10.0,115.9,2.0,103.0,1.0,116.9,2.0,52.0,1.0,117.0,1.0,48.0,3.0,118.0,2.0,,,118.5,1.0,,,119.57,5.0,,,120.0,1.0,,,122.0,5.0
87,Germany_Baseload#19#0#10000106,2021-10-29 06:58:12.072000,113.05,1.0,115.5,1.0,113.0,6.0,115.75,2.0,105.55,10.0,115.9,2.0,103.0,1.0,116.9,2.0,52.0,1.0,117.0,1.0,48.0,3.0,118.0,2.0,,,118.5,1.0,,,120.0,1.0,,,122.0,5.0,,,123.43,1.0
88,Germany_Baseload#19#0#10000106,2021-10-29 06:58:12.159000,113.05,1.0,115.5,1.0,113.0,6.0,115.75,2.0,105.55,10.0,115.9,2.0,103.0,1.0,116.9,2.0,52.0,1.0,117.0,1.0,48.0,3.0,118.0,2.0,,,118.5,1.0,,,119.6,1.0,,,120.0,1.0,,,122.0,5.0
89,Germany_Baseload#19#0#10000106,2021-10-29 06:58:19.298000,113.05,1.0,115.5,1.0,113.0,6.0,115.75,2.0,105.55,10.0,115.9,2.0,103.0,1.0,116.9,2.0,52.0,1.0,117.0,1.0,48.0,3.0,118.0,2.0,,,118.5,1.0,,,119.6,1.0,,,120.0,1.0,,,122.0,5.0
90,Germany_Baseload#19#0#10000106,2021-10-29 06:58:31.848000,114.0,1.0,115.5,1.0,113.05,1.0,115.75,2.0,113.0,6.0,115.9,2.0,105.55,10.0,116.9,2.0,103.0,1.0,117.0,1.0,52.0,1.0,118.0,2.0,48.0,3.0,118.5,1.0,,,119.6,1.0,,,120.0,1.0,,,122.0,5.0
91,Germany_Baseload#19#0#10000106,2021-10-29 06:59:22.077000,114.0,1.0,115.5,1.0,113.05,1.0,115.75,2.0,113.0,6.0,115.9,2.0,105.55,10.0,116.9,2.0,103.0,1.0,117.0,1.0,52.0,1.0,118.0,2.0,48.0,3.0,118.5,1.0,,,120.0,1.0,,,122.0,5.0,,,123.43,1.0
92,Germany_Baseload#19#0#10000106,2021-10-29 06:59:22.165000,114.0,1.0,115.5,1.0,113.05,1.0,115.75,2.0,113.0,6.0,115.9,2.0,105.55,10.0,116.9,2.0,103.0,1.0,117.0,1.0,52.0,1.0,118.0,2.0,48.0,3.0,118.5,1.0,,,119.61,1.0,,,120.0,1.0,,,122.0,5.0
93,Germany_Baseload#19#0#10000106,2021-10-29 06:59:46.063000,114.0,2.0,115.5,1.0,113.05,1.0,115.75,2.0,113.0,6.0,115.9,2.0,105.55,10.0,116.9,2.0,103.0,1.0,117.0,1.0,52.0,1.0,118.0,2.0,48.0,3.0,118.5,1.0,,,119.61,1.0,,,120.0,1.0,,,122.0,5.0
94,Germany_Baseload#19#0#10000106,2021-10-29 07:00:11.730000,114.0,2.0,115.5,1.0,113.05,1.0,115.75,2.0,113.0,6.0,115.9,2.0,105.55,10.0,116.9,2.0,103.0,1.0,117.0,1.0,52.0,1.0,118.0,2.0,48.0,3.0,118.5,1.0,,,119.61,1.0,,,120.0,1.0,,,121.8,5.0
95,Germany_Baseload#19#0#10000106,2021-10-29 07:00:16.111000,114.0,2.0,115.5,1.0,113.05,1.0,115.75,2.0,113.0,6.0,115.9,2.0,105.55,10.0,116.9,2.0,103.0,1.0,117.0,1.0,52.0,1.0,118.0,2.0,48.0,3.0,118.5,1.0,,,119.61,1.0,,,120.0,1.0,,,122.0,5.0
96,Germany_Baseload#19#0#10000106,2021-10-29 07:00:20.088000,114.0,2.0,115.5,1.0,113.0,6.0,115.75,2.0,105.55,10.0,115.9,2.0,103.0,1.0,116.9,2.0,52.0,1.0,117.0,1.0,48.0,3.0,118.0,2.0,,,118.5,1.0,,,119.61,1.0,,,120.0,1.0,,,122.0,5.0
97,Germany_Baseload#19#0#10000106,2021-10-29 07:00:21.469000,114.0,2.0,115.5,1.0,113.0,6.0,115.75,2.0,105.55,10.0,115.9,2.0,103.0,1.0,116.9,2.0,52.0,1.0,117.0,1.0,48.0,3.0,118.0,2.0,,,118.5,1.0,,,119.61,1.0,,,120.0,1.0,,,121.8,5.0
98,Germany_Baseload#19#0#10000106,2021-10-29 07:00:28.602000,114.0,2.0,115.5,1.0,113.0,6.0,115.75,2.0,105.55,10.0,115.9,2.0,103.0,1.0,116.9,2.0,52.0,1.0,117.0,1.0,48.0,3.0,118.0,2.0,,,118.5,1.0,,,119.53,1.0,,,119.61,1.0,,,120.0,1.0
99,Germany_Baseload#19#0#10000106,2021-10-29 07:00:28.603000,114.0,2.0,115.5,1.0,113.0,6.0,115.75,2.0,105.55,10.0,115.9,2.0,103.0,1.0,116.9,2.0,52.0,1.0,117.0,1.0,48.0,3.0,118.0,2.0,,,118.5,1.0,,,119.53,1.0,,,120.0,1.0,,,121.8,5.0
100,Germany_Baseload#19#0#10000106,2021-10-29 07:01:32.816000,114.0,2.0,115.5,1.0,113.0,6.0,115.75,2.0,105.55,10.0,115.9,2.0,103.0,1.0,116.9,2.0,52.0,1.0,117.0,1.0,48.0,3.0,118.0,2.0,,,118.5,1.0,,,119.49,1.0,,,119.53,1.0,,,120.0,1.0
101,Germany_Baseload#19#0#10000106,2021-10-29 07:01:32.817000,114.0,2.0,115.5,1.0,113.0,6.0,115.75,2.0,105.55,10.0,115.9,2.0,103.0,1.0,116.9,2.0,52.0,1.0,117.0,1.0,48.0,3.0,118.0,2.0,,,118.5,1.0,,,119.49,1.0,,,120.0,1.0,,,121.8,5.0
102,Germany_Baseload#19#0#10000106,2021-10-29 07:02:06.747000,114.0,2.0,115.5,1.0,113.0,6.0,115.75,2.0,105.55,10.0,115.9,2.0,103.0,1.0,116.9,2.0,52.0,1.0,117.0,1.0,48.0,3.0,118.0,2.0,,,118.5,1.0,,,119.49,1.0,,,120.0,1.0,,,123.43,1.0
103,Germany_Baseload#19#0#10000106,2021-10-29 07:02:06.896000,114.0,2.0,115.5,1.0,113.0,6.0,115.75,2.0,105.55,10.0,115.9,2.0,103.0,1.0,116.9,2.0,52.0,1.0,117.0,1.0,48.0,3.0,118.0,2.0,,,118.5,1.0,,,119.49,1.0,,,120.0,1.0,,,121.8,5.0
104,Germany_Baseload#19#0#10000106,2021-10-29 07:02:10.754000,114.0,1.0,115.5,1.0,113.0,6.0,115.75,2.0,105.55,10.0,115.9,2.0,103.0,1.0,116.9,2.0,52.0,1.0,117.0,1.0,48.0,3.0,118.0,2.0,,,118.5,1.0,,,119.49,1.0,,,120.0,1.0,,,121.8,5.0
105,Germany_Baseload#19#0#10000106,2021-10-29 07:03:26.577000,114.0,1.0,115.5,1.0,113.0,6.0,115.75,2.0,105.55,10.0,115.9,2.0,103.0,1.0,116.9,2.0,52.0,1.0,117.0,1.0,48.0,3.0,118.0,2.0,,,118.5,1.0,,,119.49,1.0,,,120.0,1.0,,,122.0,5.0
106,Germany_Baseload#19#0#10000106,2021-10-29 07:03:32.938000,114.0,1.0,115.5,1.0,113.0,6.0,115.75,2.0,105.55,10.0,115.9,2.0,103.0,1.0,116.9,2.0,52.0,1.0,117.0,1.0,48.0,3.0,118.0,2.0,,,118.5,1.0,,,119.49,1.0,,,120.0,1.0,,,123.43,1.0
107,Germany_Baseload#19#0#10000106,2021-10-29 07:03:33.194000,114.0,1.0,115.5,1.0,113.0,6.0,115.75,2.0,105.55,10.0,115.9,2.0,103.0,1.0,116.9,2.0,52.0,1.0,117.0,1.0,48.0,3.0,118.0,2.0,,,118.5,1.0,,,119.49,1.0,,,120.0,1.0,,,122.0,5.0
108,Germany_Baseload#19#0#10000106,2021-10-29 07:03:44.482000,114.0,1.0,115.5,1.0,113.0,6.0,115.75,2.0,105.55,10.0,115.9,2.0,103.0,1.0,116.9,2.0,52.0,1.0,117.0,1.0,48.0,3.0,118.0,2.0,,,118.5,1.0,,,120.0,1.0,,,122.0,5.0,,,123.43,1.0
109,Germany_Baseload#19#0#10000106,2021-10-29 07:03:44.570000,114.0,1.0,115.5,1.0,113.0,6.0,115.75,2.0,105.55,10.0,115.9,2.0,103.0,1.0,116.9,2.0,52.0,1.0,117.0,1.0,48.0,3.0,118.0,2.0,,,118.5,1.0,,,119.51,1.0,,,120.0,1.0,,,122.0,5.0
110,Germany_Baseload#19#0#10000106,2021-10-29 07:04:16.834000,114.0,1.0,115.5,1.0,113.0,6.0,115.75,2.0,105.55,10.0,115.9,2.0,103.0,1.0,116.9,2.0,52.0,1.0,117.0,1.0,48.0,3.0,118.0,2.0,,,118.5,1.0,,,119.51,1.0,,,120.0,1.0,,,121.8,5.0
111,Germany_Baseload#19#0#10000106,2021-10-29 07:04:52.328000,114.0,1.0,115.5,1.0,113.0,6.0,115.75,2.0,105.55,10.0,115.9,2.0,103.0,1.0,116.9,2.0,52.0,1.0,117.0,1.0,48.0,3.0,118.0,2.0,,,118.5,1.0,,,119.47,1.0,,,119.51,1.0,,,120.0,1.0
112,Germany_Baseload#19#0#10000106,2021-10-29 07:04:52.329000,114.0,1.0,115.5,1.0,113.0,6.0,115.75,2.0,105.55,10.0,115.9,2.0,103.0,1.0,116.9,2.0,52.0,1.0,117.0,1.0,48.0,3.0,118.0,2.0,,,118.5,1.0,,,119.47,1.0,,,120.0,1.0,,,121.8,5.0
113,Germany_Baseload#19#0#10000106,2021-10-29 07:05:29.694000,114.0,1.0,115.5,1.0,113.0,6.0,115.75,2.0,105.55,10.0,115.9,2.0,103.0,1.0,116.9,2.0,52.0,1.0,117.0,1.0,48.0,3.0,118.0,2.0,,,118.5,1.0,,,119.47,1.0,,,120.0,1.0,,,122.0,5.0
114,Germany_Baseload#19#0#10000106,2021-10-29 07:05:32.335000,114.0,1.0,115.5,1.0,113.0,6.0,115.75,2.0,105.55,10.0,115.9,2.0,103.0,1.0,116.9,2.0,52.0,1.0,117.0,1.0,48.0,3.0,118.0,2.0,,,118.5,1.0,,,119.47,1.0,,,120.0,1.0,,,121.8,5.0
115,Germany_Baseload#19#0#10000106,2021-10-29 07:06:33.351000,114.0,3.0,115.5,1.0,113.0,6.0,115.75,2.0,105.55,10.0,115.9,2.0,103.0,1.0,116.9,2.0,52.0,1.0,117.0,1.0,48.0,3.0,118.0,2.0,,,118.5,1.0,,,119.47,1.0,,,120.0,1.0,,,121.8,5.0
116,Germany_Baseload#19#0#10000106,2021-10-29 07:06:38.892000,114.0,1.0,115.5,1.0,113.95,2.0,115.75,2.0,113.0,6.0,115.9,2.0,105.55,10.0,116.9,2.0,103.0,1.0,117.0,1.0,52.0,1.0,118.0,2.0,48.0,3.0,118.5,1.0,,,119.47,1.0,,,120.0,1.0,,,121.8,5.0
117,Germany_Baseload#19#0#10000106,2021-10-29 07:06:39.739000,114.0,1.0,115.5,1.0,113.9,2.0,115.75,2.0,113.0,6.0,115.9,2.0,105.55,10.0,116.9,2.0,103.0,1.0,117.0,1.0,52.0,1.0,118.0,2.0,48.0,3.0,118.5,1.0,,,119.47,1.0,,,120.0,1.0,,,121.8,5.0
118,Germany_Baseload#19#0#10000106,2021-10-29 07:06:49.359000,113.9,2.0,115.5,1.0,113.0,6.0,115.75,2.0,105.55,10.0,115.9,2.0,103.0,1.0,116.9,2.0,52.0,1.0,117.0,1.0,48.0,3.0,118.0,2.0,,,118.5,1.0,,,119.47,1.0,,,120.0,1.0,,,121.8,5.0
119,Germany_Baseload#19#0#10000106,2021-10-29 07:07:10.335000,113.9,2.0,115.5,1.0,113.0,6.0,115.75,2.0,105.55,10.0,115.9,2.0,103.0,1.0,116.9,2.0,52.0,1.0,117.0,1.0,48.0,3.0,118.0,2.0,,,118.5,1.0,,,119.36,1.0,,,120.0,1.0,,,121.8,5.0
120,Germany_Baseload#19#0#10000106,2021-10-29 07:07:13.753000,113.9,2.0,115.5,1.0,113.0,5.0,115.75,2.0,105.55,10.0,115.9,2.0,103.0,1.0,116.9,2.0,52.0,1.0,117.0,1.0,48.0,3.0,118.0,2.0,,,118.5,1.0,,,119.36,1.0,,,120.0,1.0,,,121.8,5.0
121,Germany_Baseload#19#0#10000106,2021-10-29 07:07:13.756000,114.0,1.0,115.5,1.0,113.9,2.0,115.75,2.0,113.0,5.0,115.9,2.0,105.55,10.0,116.9,2.0,103.0,1.0,117.0,1.0,52.0,1.0,118.0,2.0,48.0,3.0,118.5,1.0,,,119.36,1.0,,,120.0,1.0,,,121.8,5.0
122,Germany_Baseload#19#0#10000106,2021-10-29 07:08:14.809000,114.0,1.0,115.5,1.0,113.9,2.0,115.75,2.0,113.0,5.0,115.9,2.0,105.55,10.0,116.9,2.0,103.0,1.0,117.0,1.0,52.0,1.0,118.0,2.0,48.0,3.0,118.5,1.0,,,119.35,1.0,,,120.0,1.0,,,121.8,5.0
123,Germany_Baseload#19#0#10000106,2021-10-29 07:08:30.931000,114.0,1.0,115.5,1.0,113.95,2.0,115.75,2.0,113.0,5.0,115.9,2.0,105.55,10.0,116.9,2.0,103.0,1.0,117.0,1.0,52.0,1.0,118.0,2.0,48.0,3.0,118.5,1.0,,,119.35,1.0,,,120.0,1.0,,,121.8,5.0
124,Germany_Baseload#19#0#10000106,2021-10-29 07:08:31.456000,114.0,3.0,115.5,1.0,113.0,5.0,115.75,2.0,105.55,10.0,115.9,2.0,103.0,1.0,116.9,2.0,52.0,1.0,117.0,1.0,48.0,3.0,118.0,2.0,,,118.5,1.0,,,119.35,1.0,,,120.0,1.0,,,121.8,5.0
125,Germany_Baseload#19#0#10000106,2021-10-29 07:09:23.422000,114.0,3.0,115.5,1.0,113.0,5.0,115.75,2.0,105.55,10.0,115.9,2.0,103.0,1.0,116.9,2.0,52.0,1.0,117.0,1.0,48.0,3.0,118.0,2.0,,,118.5,1.0,,,119.19,1.0,,,120.0,1.0,,,121.8,5.0
126,Germany_Baseload#19#0#10000106,2021-10-29 07:09:25.797000,114.05,2.0,115.5,1.0,114.0,3.0,115.75,2.0,113.0,5.0,115.9,2.0,105.55,10.0,116.9,2.0,103.0,1.0,117.0,1.0,52.0,1.0,118.0,2.0,48.0,3.0,118.5,1.0,,,119.19,1.0,,,120.0,1.0,,,121.8,5.0
127,Germany_Baseload#19#0#10000106,2021-10-29 07:09:25.798000,114.05,2.0,115.5,1.0,114.0,1.0,115.75,2.0,113.0,5.0,115.9,2.0,105.55,10.0,116.9,2.0,103.0,1.0,117.0,1.0,52.0,1.0,118.0,2.0,48.0,3.0,118.5,1.0,,,119.19,1.0,,,120.0,1.0,,,121.8,5.0
128,Germany_Baseload#19#0#10000106,2021-10-29 07:09:59.927000,114.05,2.0,115.5,1.0,114.0,1.0,115.75,2.0,113.0,5.0,115.9,2.0,105.55,10.0,116.9,2.0,103.0,1.0,117.0,1.0,52.0,1.0,118.0,2.0,48.0,3.0,118.5,1.0,,,119.19,1.0,,,120.0,1.0,,,123.43,1.0
129,Germany_Baseload#19#0#10000106,2021-10-29 07:10:05.335000,114.05,2.0,115.5,1.0,114.0,1.0,115.75,2.0,113.0,5.0,115.9,2.0,105.55,10.0,116.9,2.0,103.0,1.0,117.0,1.0,52.0,1.0,118.0,2.0,48.0,3.0,118.5,1.0,,,119.19,1.0,,,120.0,1.0,,,121.8,5.0
130,Germany_Baseload#19#0#10000106,2021-10-29 07:10:07.770000,114.05,2.0,115.5,1.0,114.0,1.0,115.75,2.0,113.0,5.0,115.9,2.0,105.55,10.0,116.9,2.0,103.0,1.0,117.0,1.0,52.0,1.0,118.0,2.0,48.0,3.0,118.5,1.0,,,119.19,1.0,,,120.0,1.0,,,123.43,1.0
131,Germany_Baseload#19#0#10000106,2021-10-29 07:10:08.268000,114.0,3.0,115.5,1.0,113.0,5.0,115.75,2.0,105.55,10.0,115.9,2.0,103.0,1.0,116.9,2.0,52.0,1.0,117.0,1.0,48.0,3.0,118.0,2.0,,,118.5,1.0,,,119.19,1.0,,,120.0,1.0,,,123.43,1.0
132,Germany_Baseload#19#0#10000106,2021-10-29 07:10:13.552000,114.0,2.0,115.5,1.0,113.0,5.0,115.75,2.0,105.55,10.0,115.9,2.0,103.0,1.0,116.9,2.0,52.0,1.0,117.0,1.0,48.0,3.0,118.0,2.0,,,118.5,1.0,,,119.19,1.0,,,120.0,1.0,,,123.43,1.0
133,Germany_Baseload#19#0#10000106,2021-10-29 07:10:14.152000,114.0,2.0,115.5,1.0,113.0,5.0,115.75,2.0,105.55,10.0,115.9,2.0,103.0,1.0,116.9,2.0,52.0,1.0,117.0,1.0,48.0,3.0,118.0,2.0,,,118.5,1.0,,,119.19,1.0,,,120.0,1.0,,,121.8,5.0
134,Germany_Baseload#19#0#10000106,2021-10-29 07:10:15.167000,113.0,5.0,115.5,1.0,105.55,10.0,115.75,2.0,103.0,1.0,115.9,2.0,52.0,1.0,116.9,2.0,48.0,3.0,117.0,1.0,,,118.0,2.0,,,118.5,1.0,,,119.19,1.0,,,120.0,1.0,,,121.8,5.0
135,Germany_Baseload#19#0#10000106,2021-10-29 07:10:15.170000,113.5,1.0,115.5,1.0,113.0,5.0,115.75,2.0,105.55,10.0,115.9,2.0,103.0,1.0,116.9,2.0,52.0,1.0,117.0,1.0,48.0,3.0,118.0,2.0,,,118.5,1.0,,,119.19,1.0,,,120.0,1.0,,,121.8,5.0
136,Germany_Baseload#19#0#10000106,2021-10-29 07:10:15.347000,113.45,1.0,115.5,1.0,113.0,5.0,115.75,2.0,105.55,10.0,115.9,2.0,103.0,1.0,116.9,2.0,52.0,1.0,117.0,1.0,48.0,3.0,118.0,2.0,,,118.5,1.0,,,119.19,1.0,,,120.0,1.0,,,121.8,5.0
137,Germany_Baseload#19#0#10000106,2021-10-29 07:10:15.376000,113.0,6.0,115.5,1.0,105.55,10.0,115.75,2.0,103.0,1.0,115.9,2.0,52.0,1.0,116.9,2.0,48.0,3.0,117.0,1.0,,,118.0,2.0,,,118.5,1.0,,,119.19,1.0,,,120.0,1.0,,,121.8,5.0
138,Germany_Baseload#19#0#10000106,2021-10-29 07:10:15.520000,113.0,5.0,115.5,1.0,112.5,1.0,115.75,2.0,105.55,10.0,115.9,2.0,103.0,1.0,116.9,2.0,52.0,1.0,117.0,1.0,48.0,3.0,118.0,2.0,,,118.5,1.0,,,119.19,1.0,,,120.0,1.0,,,121.8,5.0
139,Germany_Baseload#19#0#10000106,2021-10-29 07:10:24.654000,113.0,5.0,115.5,1.0,112.5,1.0,115.75,2.0,105.55,10.0,115.9,2.0,103.0,1.0,116.9,2.0,52.0,1.0,117.0,1.0,48.0,3.0,118.0,2.0,,,118.5,1.0,,,119.18,1.0,,,120.0,1.0,,,121.8,5.0
140,Germany_Baseload#19#0#10000106,2021-10-29 07:10:46.374000,113.0,5.0,115.5,1.0,112.5,1.0,115.75,2.0,112.0,1.0,115.9,2.0,105.55,10.0,116.9,2.0,103.0,1.0,117.0,1.0,52.0,1.0,118.0,2.0,48.0,3.0,118.5,1.0,,,119.18,1.0,,,120.0,1.0,,,121.8,5.0
141,Germany_Baseload#19#0#10000106,2021-10-29 07:10:48.943000,113.0,1.0,115.5,1.0,112.5,1.0,115.75,2.0,112.0,1.0,115.9,2.0,105.55,10.0,116.9,2.0,103.0,1.0,117.0,1.0,52.0,1.0,118.0,2.0,48.0,3.0,118.5,1.0,,,119.18,1.0,,,120.0,1.0,,,121.8,5.0
142,Germany_Baseload#19#0#10000106,2021-10-29 07:10:48.946000,113.0,1.0,115.5,1.0,112.0,1.0,115.75,2.0,105.55,10.0,115.9,2.0,103.0,1.0,116.9,2.0,52.0,1.0,117.0,1.0,48.0,3.0,118.0,2.0,,,118.5,1.0,,,119.18,1.0,,,120.0,1.0,,,121.8,5.0
143,Germany_Baseload#19#0#10000106,2021-10-29 07:10:55.869000,113.0,1.0,114.0,1.0,112.0,1.0,115.5,1.0,105.55,10.0,115.75,2.0,103.0,1.0,115.9,2.0,52.0,1.0,116.9,2.0,48.0,3.0,117.0,1.0,,,118.0,2.0,,,118.5,1.0,,,119.18,1.0,,,120.0,1.0
144,Germany_Baseload#19#0#10000106,2021-10-29 07:11:12.526000,113.0,6.0,114.0,1.0,105.55,10.0,115.5,1.0,103.0,1.0,115.75,2.0,52.0,1.0,115.9,2.0,48.0,3.0,116.9,2.0,,,117.0,1.0,,,118.0,2.0,,,118.5,1.0,,,119.18,1.0,,,120.0,1.0
145,Germany_Baseload#19#0#10000106,2021-10-29 07:11:19.909000,113.0,6.0,114.0,1.0,105.55,10.0,115.5,1.0,103.0,1.0,115.75,2.0,52.0,1.0,115.9,2.0,48.0,3.0,116.9,2.0,,,117.0,1.0,,,118.0,2.0,,,118.5,1.0,,,120.0,1.0,,,121.8,5.0
146,Germany_Baseload#19#0#10000106,2021-10-29 07:11:19.994000,113.0,6.0,114.0,1.0,105.55,10.0,115.5,1.0,103.0,1.0,115.75,2.0,52.0,1.0,115.9,2.0,48.0,3.0,116.9,2.0,,,117.0,1.0,,,118.0,2.0,,,118.5,1.0,,,119.21,1.0,,,120.0,1.0
147,Germany_Baseload#19#0#10000106,2021-10-29 07:11:53.807000,113.0,1.0,114.0,1.0,105.55,10.0,115.5,1.0,103.0,1.0,115.75,2.0,52.0,1.0,115.9,2.0,48.0,3.0,116.9,2.0,,,117.0,1.0,,,118.0,2.0,,,118.5,1.0,,,119.21,1.0,,,120.0,1.0
148,Germany_Baseload#19#0#10000106,2021-10-29 07:11:53.823000,113.0,3.0,114.0,1.0,105.55,10.0,115.5,1.0,103.0,1.0,115.75,2.0,52.0,1.0,115.9,2.0,48.0,3.0,116.9,2.0,,,117.0,1.0,,,118.0,2.0,,,118.5,1.0,,,119.21,1.0,,,120.0,1.0
149,Germany_Baseload#19#0#10000106,2021-10-29 07:11:55.902000,113.0,3.0,114.0,1.0,105.55,10.0,115.5,1.0,103.0,1.0,115.75,2.0,52.0,1.0,115.9,2.0,48.0,3.0,116.9,2.0,,,117.0,1.0,,,118.0,2.0,,,118.5,1.0,,,119.21,1.0,,,120.0,1.0
150,Germany_Baseload#19#0#10000106,2021-10-29 07:12:27.818000,113.0,3.0,114.0,1.0,105.55,10.0,115.5,1.0,103.0,1.0,115.75,2.0,52.0,1.0,115.9,2.0,48.0,3.0,116.9,2.0,,,117.0,1.0,,,118.0,2.0,,,118.5,1.0,,,120.0,1.0,,,123.43,1.0
151,Germany_Baseload#19#0#10000106,2021-10-29 07:12:27.911000,113.0,3.0,114.0,1.0,105.55,10.0,115.5,1.0,103.0,1.0,115.75,2.0,52.0,1.0,115.9,2.0,48.0,3.0,116.9,2.0,,,117.0,1.0,,,118.0,2.0,,,118.5,1.0,,,119.22,2.0,,,120.0,1.0
152,Germany_Baseload#19#0#10000106,2021-10-29 07:12:37.567000,113.0,3.0,114.0,1.0,105.55,10.0,115.0,1.0,103.0,1.0,115.5,1.0,52.0,1.0,115.75,2.0,48.0,3.0,115.9,2.0,,,116.9,2.0,,,117.0,1.0,,,118.0,2.0,,,118.5,1.0,,,119.22,2.0
153,Germany_Baseload#19#0#10000106,2021-10-29 07:13:07.114000,112.5,1.0,113.0,5.0,112.0,1.0,114.0,2.0,110.3,1.0,115.0,1.0,109.25,3.0,115.27,5.0,108.0,1.0,115.9,2.0,105.55,10.0,116.9,2.0,103.0,1.0,117.0,1.0,52.0,1.0,118.0,2.0,48.0,3.0,118.5,1.0,,,120.0,1.0
154,Germany_Baseload#19#0#10000106,2021-10-29 07:13:29.821000,113.0,1.0,114.0,1.0,112.5,2.0,115.0,1.0,105.55,10.0,115.5,1.0,103.0,1.0,115.75,2.0,52.0,1.0,115.9,2.0,48.0,3.0,116.9,2.0,,,117.0,1.0,,,118.0,2.0,,,118.5,1.0,,,120.0,1.0
155,Germany_Baseload#19#0#10000106,2021-10-29 07:13:29.913000,113.0,1.0,114.0,1.0,112.5,2.0,115.0,1.0,105.55,10.0,115.5,1.0,103.0,1.0,115.75,2.0,52.0,1.0,115.9,2.0,48.0,3.0,116.9,2.0,,,117.0,1.0,,,118.0,2.0,,,118.5,1.0,,,119.27,5.0
156,Germany_Baseload#19#0#10000106,2021-10-29 07:14:33.986000,113.0,1.0,114.0,1.0,112.5,2.0,115.0,1.0,105.55,10.0,115.5,1.0,103.0,1.0,115.75,2.0,52.0,1.0,115.9,2.0,48.0,3.0,116.9,2.0,,,117.0,1.0,,,118.0,2.0,,,118.5,1.0,,,119.25,5.0
157,Germany_Baseload#19#0#10000106,2021-10-29 07:15:04.819000,113.0,1.0,114.0,2.0,112.5,2.0,115.0,1.0,105.55,10.0,115.5,1.0,103.0,1.0,115.9,2.0,52.0,1.0,116.9,2.0,48.0,3.0,117.0,1.0,,,118.0,2.0,,,118.5,1.0,,,119.25,5.0,,,120.0,1.0
158,Germany_Baseload#19#0#10000106,2021-10-29 07:15:28.447000,113.0,1.0,114.0,2.0,112.5,2.0,115.0,1.0,105.55,10.0,115.5,1.0,103.0,1.0,115.9,2.0,52.0,1.0,116.9,2.0,48.0,3.0,117.0,1.0,,,118.0,2.0,,,118.5,1.0,,,119.25,5.0,,,120.0,1.0
159,Germany_Baseload#19#0#10000106,2021-10-29 07:15:33.097000,113.0,1.0,114.0,2.0,112.5,2.0,115.0,1.0,105.55,10.0,115.5,1.0,103.0,1.0,115.9,2.0,52.0,1.0,116.9,2.0,48.0,3.0,117.0,1.0,,,118.0,2.0,,,118.5,1.0,,,119.25,5.0,,,120.0,1.0
160,Germany_Baseload#19#0#10000106,2021-10-29 07:15:43.145000,113.0,1.0,114.0,2.0,112.5,2.0,115.0,1.0,105.55,10.0,115.5,1.0,103.0,1.0,115.9,2.0,52.0,1.0,116.9,2.0,48.0,3.0,117.0,1.0,,,118.0,2.0,,,118.5,1.0,,,119.24,5.0,,,120.0,1.0
161,Germany_Baseload#19#0#10000106,2021-10-29 07:16:35.949000,113.0,1.0,114.0,2.0,112.5,2.0,115.0,1.0,105.55,10.0,115.5,1.0,103.0,1.0,115.9,2.0,52.0,1.0,116.9,2.0,48.0,3.0,117.0,1.0,,,118.0,2.0,,,118.5,1.0,,,120.0,1.0,,,123.43,1.0
162,Germany_Baseload#19#0#10000106,2021-10-29 07:16:36.214000,113.0,1.0,114.0,2.0,112.5,2.0,115.0,1.0,105.55,10.0,115.5,1.0,103.0,1.0,115.9,2.0,52.0,1.0,116.88,2.0,48.0,3.0,116.9,2.0,,,117.0,1.0,,,118.0,2.0,,,118.5,1.0,,,120.0,1.0
163,Germany_Baseload#19#0#10000106,2021-10-29 07:17:44.328000,113.0,1.0,114.0,2.0,112.5,2.0,115.0,1.0,105.55,10.0,115.5,1.0,103.0,1.0,115.9,2.0,52.0,1.0,116.67,2.0,48.0,3.0,116.9,2.0,,,117.0,1.0,,,118.0,2.0,,,118.5,1.0,,,120.0,1.0
164,Germany_Baseload#19#0#10000106,2021-10-29 07:18:05.544000,113.0,1.0,114.0,2.0,112.5,2.0,115.0,1.0,105.55,10.0,115.5,1.0,103.0,1.0,115.9,2.0,52.0,1.0,116.67,2.0,48.0,3.0,116.9,2.0,,,117.0,1.0,,,118.0,2.0,,,118.5,1.0,,,120.0,1.0
165,Germany_Baseload#19#0#10000106,2021-10-29 07:18:26.055000,113.0,1.0,114.0,2.0,112.5,2.0,115.0,1.0,105.55,10.0,115.25,2.0,103.0,1.0,115.5,1.0,52.0,1.0,115.9,2.0,48.0,3.0,116.9,2.0,,,117.0,1.0,,,118.0,2.0,,,118.5,1.0,,,120.0,1.0
166,Germany_Baseload#19#0#10000106,2021-10-29 07:18:42.170000,113.0,1.0,114.0,2.0,112.5,2.0,115.0,1.0,105.55,10.0,115.5,1.0,103.0,1.0,115.9,2.0,52.0,1.0,116.9,2.0,48.0,3.0,117.0,1.0,,,118.0,2.0,,,118.5,1.0,,,120.0,1.0,,,121.8,5.0
167,Germany_Baseload#19#0#10000106,2021-10-29 07:18:42.248000,113.0,1.0,114.0,2.0,112.5,2.0,115.0,1.0,105.55,10.0,115.5,1.0,103.0,1.0,115.9,2.0,52.0,1.0,116.7,2.0,48.0,3.0,116.9,2.0,,,117.0,1.0,,,118.0,2.0,,,118.5,1.0,,,120.0,1.0
168,Germany_Baseload#19#0#10000106,2021-10-29 07:20:27.328000,113.0,1.0,114.0,2.0,112.5,2.0,115.0,1.0,105.55,10.0,115.26,2.0,103.0,1.0,115.5,1.0,52.0,1.0,115.9,2.0,48.0,3.0,116.9,2.0,,,117.0,1.0,,,118.0,2.0,,,118.5,1.0,,,120.0,1.0
169,Germany_Baseload#19#0#10000106,2021-10-29 07:20:53.941000,113.25,1.0,114.0,2.0,113.0,1.0,115.0,1.0,112.5,2.0,115.26,2.0,105.55,10.0,115.5,1.0,103.0,1.0,115.9,2.0,52.0,1.0,116.9,2.0,48.0,3.0,117.0,1.0,,,118.0,2.0,,,118.5,1.0,,,120.0,1.0
170,Germany_Baseload#19#0#10000106,2021-10-29 07:20:56.982000,113.25,1.0,114.0,2.0,113.0,1.0,115.0,1.0,112.5,2.0,115.5,1.0,105.55,10.0,115.9,2.0,103.0,1.0,116.9,2.0,52.0,1.0,117.0,1.0,48.0,3.0,118.0,2.0,,,118.5,1.0,,,120.0,1.0,,,121.8,5.0
171,Germany_Baseload#19#0#10000106,2021-10-29 07:20:57.075000,113.25,1.0,114.0,2.0,113.0,1.0,115.0,1.0,112.5,2.0,115.5,1.0,105.55,10.0,115.9,2.0,103.0,1.0,116.67,5.0,52.0,1.0,116.9,2.0,48.0,3.0,117.0,1.0,,,118.0,2.0,,,118.5,1.0,,,120.0,1.0
172,Germany_Baseload#19#0#10000106,2021-10-29 07:21:10.652000,113.25,1.0,114.0,2.0,113.0,1.0,115.0,1.0,112.5,2.0,115.5,1.0,108.1,1.0,115.9,2.0,105.55,10.0,116.67,5.0,103.0,1.0,116.9,2.0,52.0,1.0,117.0,1.0,48.0,3.0,118.0,2.0,,,118.5,1.0,,,120.0,1.0
173,Germany_Baseload#19#0#10000106,2021-10-29 07:21:13.329000,113.25,1.0,114.0,2.0,113.0,1.0,115.0,1.0,112.5,2.0,115.27,5.0,108.1,1.0,115.5,1.0,105.55,10.0,115.9,2.0,103.0,1.0,116.9,2.0,52.0,1.0,117.0,1.0,48.0,3.0,118.0,2.0,,,118.5,1.0,,,120.0,1.0
174,Germany_Baseload#19#0#10000106,2021-10-29 07:21:23.243000,113.25,1.0,114.0,2.0,113.0,1.0,115.0,1.0,112.5,2.0,115.27,5.0,108.0,1.0,115.5,1.0,105.55,10.0,115.9,2.0,103.0,1.0,116.9,2.0,52.0,1.0,117.0,1.0,48.0,3.0,118.0,2.0,,,118.5,1.0,,,120.0,1.0
175,Germany_Baseload#19#0#10000106,2021-10-29 07:21:25.485000,113.25,1.0,114.0,2.0,113.0,1.0,115.0,1.0,112.5,2.0,115.5,1.0,108.0,1.0,115.9,2.0,105.55,10.0,116.9,2.0,103.0,1.0,117.0,1.0,52.0,1.0,118.0,2.0,48.0,3.0,118.5,1.0,,,120.0,1.0,,,121.8,5.0
176,Germany_Baseload#19#0#10000106,2021-10-29 07:21:25.573000,113.25,1.0,114.0,2.0,113.0,1.0,115.0,1.0,112.5,2.0,115.5,1.0,108.0,1.0,115.9,2.0,105.55,10.0,116.66,1.0,103.0,1.0,116.9,2.0,52.0,1.0,117.0,1.0,48.0,3.0,118.0,2.0,,,118.5,1.0,,,120.0,1.0
177,Germany_Baseload#19#0#10000106,2021-10-29 07:21:42.706000,113.5,1.0,114.0,2.0,113.0,1.0,115.0,1.0,112.5,2.0,115.5,1.0,108.0,1.0,115.9,2.0,105.55,10.0,116.66,1.0,103.0,1.0,116.9,2.0,52.0,1.0,117.0,1.0,48.0,3.0,118.0,2.0,,,118.5,1.0,,,120.0,1.0
178,Germany_Baseload#19#0#10000106,2021-10-29 07:21:47.243000,113.0,1.0,114.0,2.0,112.5,2.0,115.0,1.0,108.0,1.0,115.5,1.0,105.55,10.0,115.9,2.0,103.0,1.0,116.66,1.0,52.0,1.0,116.9,2.0,48.0,3.0,117.0,1.0,,,118.0,2.0,,,118.5,1.0,,,120.0,1.0
179,Germany_Baseload#19#0#10000106,2021-10-29 07:21:47.244000,113.0,1.0,114.0,2.0,112.5,2.0,115.0,1.0,108.0,1.0,115.5,1.0,105.55,10.0,115.9,2.0,103.0,1.0,116.66,1.0,52.0,1.0,116.9,2.0,48.0,3.0,117.0,1.0,,,118.0,2.0,,,118.5,1.0,,,120.0,1.0
180,Germany_Baseload#19#0#10000106,2021-10-29 07:21:47.414000,113.0,1.0,114.0,2.0,112.5,2.0,115.0,1.0,108.0,1.0,115.5,1.0,105.55,10.0,115.9,2.0,103.0,1.0,116.66,1.0,52.0,1.0,116.9,2.0,48.0,3.0,117.0,1.0,,,118.0,2.0,,,118.5,1.0,,,120.0,1.0
181,Germany_Baseload#19#0#10000106,2021-10-29 07:22:32.887000,113.0,1.0,114.0,2.0,112.5,2.0,115.0,1.0,108.0,1.0,115.33,1.0,105.55,10.0,115.5,1.0,103.0,1.0,115.9,2.0,52.0,1.0,116.66,1.0,48.0,3.0,116.9,2.0,,,117.0,1.0,,,118.0,2.0,,,118.5,1.0
182,Germany_Baseload#19#0#10000106,2021-10-29 07:22:32.888000,113.0,1.0,114.0,2.0,112.5,2.0,115.0,1.0,108.0,1.0,115.33,1.0,105.55,10.0,115.5,1.0,103.0,1.0,115.9,2.0,52.0,1.0,116.9,2.0,48.0,3.0,117.0,1.0,,,118.0,2.0,,,118.5,1.0,,,120.0,1.0
183,Germany_Baseload#19#0#10000106,2021-10-29 07:22:49.119000,113.0,1.0,114.0,2.0,112.5,2.0,115.0,1.0,108.0,1.0,115.33,1.0,105.55,10.0,115.5,1.0,103.0,1.0,115.9,2.0,52.0,1.0,116.9,2.0,48.0,3.0,117.0,1.0,,,118.0,2.0,,,118.5,1.0,,,120.0,1.0
184,Germany_Baseload#19#0#10000106,2021-10-29 07:22:49.267000,113.0,1.0,114.0,2.0,112.5,2.0,115.0,1.0,108.0,1.0,115.33,1.0,105.55,10.0,115.5,1.0,103.0,1.0,115.9,2.0,52.0,1.0,116.9,2.0,48.0,3.0,117.0,1.0,,,118.0,2.0,,,118.5,1.0,,,120.0,1.0
185,Germany_Baseload#19#0#10000106,2021-10-29 07:22:50.967000,113.0,1.0,114.0,2.0,112.5,2.0,115.0,1.0,108.0,1.0,115.5,1.0,105.55,10.0,115.9,2.0,103.0,1.0,116.9,2.0,52.0,1.0,117.0,1.0,48.0,3.0,118.0,2.0,,,118.5,1.0,,,120.0,1.0,,,121.8,5.0
186,Germany_Baseload#19#0#10000106,2021-10-29 07:22:51.065000,113.0,1.0,114.0,2.0,112.5,2.0,115.0,1.0,108.0,1.0,115.5,1.0,105.55,10.0,115.9,2.0,103.0,1.0,116.69,5.0,52.0,1.0,116.9,2.0,48.0,3.0,117.0,1.0,,,118.0,2.0,,,118.5,1.0,,,120.0,1.0
187,Germany_Baseload#19#0#10000106,2021-10-29 07:23:54.935000,113.0,1.0,114.0,2.0,112.5,2.0,115.0,1.0,108.0,1.0,115.5,1.0,105.55,10.0,115.9,2.0,103.0,1.0,116.66,5.0,52.0,1.0,116.9,2.0,48.0,3.0,117.0,1.0,,,118.0,2.0,,,118.5,1.0,,,120.0,1.0
188,Germany_Baseload#19#0#10000106,2021-10-29 07:24:16.924000,113.0,1.0,114.0,2.0,112.5,2.0,115.0,1.0,109.25,3.0,115.5,1.0,108.0,1.0,115.9,2.0,105.55,10.0,116.66,5.0,103.0,1.0,116.9,2.0,52.0,1.0,117.0,1.0,48.0,3.0,118.0,2.0,,,118.5,1.0,,,120.0,1.0
189,Germany_Baseload#19#0#10000106,2021-10-29 07:24:35.511000,113.0,1.0,114.0,2.0,112.5,2.0,115.0,1.0,109.25,3.0,115.23,5.0,108.0,1.0,115.5,1.0,105.55,10.0,115.9,2.0,103.0,1.0,116.9,2.0,52.0,1.0,117.0,1.0,48.0,3.0,118.0,2.0,,,118.5,1.0,,,120.0,1.0
190,Germany_Baseload#19#0#10000106,2021-10-29 07:25:25.809000,113.0,1.0,114.0,2.0,112.5,2.0,115.0,1.0,109.25,3.0,115.23,5.0,108.0,1.0,115.9,2.0,105.55,10.0,116.9,2.0,103.0,1.0,117.0,1.0,52.0,1.0,118.0,2.0,48.0,3.0,118.5,1.0,,,120.0,1.0,,,121.8,5.0
191,Germany_Baseload#19#0#10000106,2021-10-29 07:25:41.673000,113.0,1.0,114.0,2.0,112.5,2.0,115.0,1.0,109.25,3.0,115.9,2.0,108.0,1.0,116.9,2.0,105.55,10.0,117.0,1.0,103.0,1.0,118.0,2.0,52.0,1.0,118.5,1.0,48.0,3.0,120.0,1.0,,,121.8,5.0,,,123.43,1.0
192,Germany_Baseload#19#0#10000106,2021-10-29 07:25:41.762000,113.0,1.0,114.0,2.0,112.5,2.0,115.0,1.0,109.25,3.0,115.25,1.0,108.0,1.0,115.9,2.0,105.55,10.0,116.9,2.0,103.0,1.0,117.0,1.0,52.0,1.0,118.0,2.0,48.0,3.0,118.5,1.0,,,120.0,1.0,,,121.8,5.0
193,Germany_Baseload#19#0#10000106,2021-10-29 07:25:47.871000,113.0,1.0,114.0,2.0,112.5,2.0,115.0,1.0,109.25,3.0,115.25,1.0,108.0,1.0,115.9,2.0,105.55,10.0,116.9,2.0,103.0,1.0,117.0,1.0,52.0,1.0,118.0,2.0,48.0,3.0,118.5,1.0,,,120.0,1.0,,,122.0,5.0
194,Germany_Baseload#19#0#10000106,2021-10-29 07:25:50.681000,113.0,1.0,114.0,2.0,112.5,2.0,115.0,1.0,109.25,3.0,115.25,1.0,108.0,1.0,115.9,2.0,105.55,10.0,116.9,2.0,103.0,1.0,117.0,1.0,52.0,1.0,118.0,2.0,48.0,3.0,118.5,1.0,,,120.0,1.0,,,121.8,5.0
195,Germany_Baseload#19#0#10000106,2021-10-29 07:25:52.397000,113.0,1.0,114.0,2.0,112.5,2.0,115.0,1.0,109.25,3.0,115.9,2.0,108.0,1.0,116.9,2.0,105.55,10.0,117.0,1.0,103.0,1.0,118.0,2.0,52.0,1.0,118.5,1.0,48.0,3.0,120.0,1.0,,,121.8,5.0,,,123.43,1.0
196,Germany_Baseload#19#0#10000106,2021-10-29 07:25:52.483000,113.0,1.0,114.0,2.0,112.5,2.0,115.0,1.0,109.25,3.0,115.37,5.0,108.0,1.0,115.9,2.0,105.55,10.0,116.9,2.0,103.0,1.0,117.0,1.0,52.0,1.0,118.0,2.0,48.0,3.0,118.5,1.0,,,120.0,1.0,,,121.8,5.0
197,Germany_Baseload#19#0#10000106,2021-10-29 07:26:53.027000,113.0,1.0,114.0,2.0,112.5,2.0,115.0,1.0,109.25,3.0,115.36,5.0,108.0,1.0,115.9,2.0,105.55,10.0,116.9,2.0,103.0,1.0,117.0,1.0,52.0,1.0,118.0,2.0,48.0,3.0,118.5,1.0,,,120.0,1.0,,,121.8,5.0
198,Germany_Baseload#19#0#10000106,2021-10-29 07:26:54.095000,113.0,1.0,113.75,3.0,112.5,2.0,114.0,2.0,109.25,3.0,115.0,1.0,108.0,1.0,115.36,5.0,105.55,10.0,115.9,2.0,103.0,1.0,116.9,2.0,52.0,1.0,117.0,1.0,48.0,3.0,118.0,2.0,,,118.5,1.0,,,120.0,1.0
199,Germany_Baseload#19#0#10000106,2021-10-29 07:27:07.682000,113.0,1.0,113.75,3.0,112.5,2.0,114.0,2.0,109.25,3.0,115.0,1.0,108.0,1.0,115.9,2.0,105.55,10.0,116.9,2.0,103.0,1.0,117.0,1.0,52.0,1.0,118.0,2.0,48.0,3.0,118.5,1.0,,,120.0,1.0,,,121.8,5.0
200,Germany_Baseload#19#0#10000106,2021-10-29 07:27:07.771000,113.0,1.0,113.75,3.0,112.5,2.0,114.0,2.0,109.25,3.0,115.0,1.0,108.0,1.0,115.68,1.0,105.55,10.0,115.9,2.0,103.0,1.0,116.9,2.0,52.0,1.0,117.0,1.0,48.0,3.0,118.0,2.0,,,118.5,1.0,,,120.0,1.0
201,Germany_Baseload#19#0#10000106,2021-10-29 07:27:10.208000,113.0,1.0,113.75,3.0,112.5,2.0,114.0,2.0,110.55,1.0,115.0,1.0,109.25,3.0,115.68,1.0,108.0,1.0,115.9,2.0,105.55,10.0,116.9,2.0,103.0,1.0,117.0,1.0,52.0,1.0,118.0,2.0,48.0,3.0,118.5,1.0,,,120.0,1.0
202,Germany_Baseload#19#0#10000106,2021-10-29 07:27:10.823000,113.0,1.0,113.75,3.0,112.5,2.0,114.0,2.0,110.55,1.0,115.0,1.0,109.25,3.0,115.9,2.0,108.0,1.0,116.9,2.0,105.55,10.0,117.0,1.0,103.0,1.0,118.0,2.0,52.0,1.0,118.5,1.0,48.0,3.0,120.0,1.0,,,123.43,1.0
203,Germany_Baseload#19#0#10000106,2021-10-29 07:27:10.831000,113.0,1.0,113.75,3.0,112.5,2.0,114.0,2.0,110.55,1.0,115.0,1.0,109.25,3.0,115.9,2.0,108.0,1.0,116.9,2.0,105.55,10.0,117.0,1.0,103.0,1.0,118.0,2.0,52.0,1.0,118.5,1.0,48.0,3.0,120.0,1.0,,,121.8,5.0
204,Germany_Baseload#19#0#10000106,2021-10-29 07:27:10.924000,113.0,1.0,113.75,3.0,112.5,2.0,114.0,2.0,110.55,1.0,115.0,1.0,109.25,3.0,115.9,2.0,108.0,1.0,116.81,5.0,105.55,10.0,116.9,2.0,103.0,1.0,117.0,1.0,52.0,1.0,118.0,2.0,48.0,3.0,118.5,1.0,,,120.0,1.0
205,Germany_Baseload#19#0#10000106,2021-10-29 07:27:13.193000,113.0,1.0,113.75,3.0,112.5,2.0,114.0,2.0,110.55,1.0,115.0,1.0,109.25,3.0,115.9,2.0,108.0,1.0,116.81,5.0,105.55,10.0,116.9,2.0,103.0,1.0,117.0,1.0,52.0,1.0,118.0,2.0,48.0,3.0,118.5,1.0,,,120.0,1.0
206,Germany_Baseload#19#0#10000106,2021-10-29 07:27:33.824000,113.0,1.0,113.75,3.0,112.5,2.0,114.0,2.0,110.55,1.0,115.0,1.0,109.25,3.0,115.66,5.0,108.0,1.0,115.9,2.0,105.55,10.0,116.9,2.0,103.0,1.0,117.0,1.0,52.0,1.0,118.0,2.0,48.0,3.0,118.5,1.0,,,120.0,1.0
207,Germany_Baseload#19#0#10000106,2021-10-29 07:27:34.805000,113.0,1.0,113.5,5.0,112.5,2.0,114.0,2.0,110.55,1.0,115.0,1.0,109.25,3.0,115.66,5.0,108.0,1.0,115.9,2.0,105.55,10.0,116.9,2.0,103.0,1.0,117.0,1.0,52.0,1.0,118.0,2.0,48.0,3.0,118.5,1.0,,,120.0,1.0
208,Germany_Baseload#19#0#10000106,2021-10-29 07:27:39.504000,113.0,1.0,113.5,5.0,112.5,2.0,114.0,2.0,110.55,1.0,115.0,1.0,109.25,3.0,115.66,5.0,108.0,1.0,115.9,2.0,105.55,10.0,116.9,2.0,103.0,1.0,117.0,1.0,52.0,1.0,118.0,2.0,48.0,3.0,118.5,1.0,,,120.0,1.0
209,Germany_Baseload#19#0#10000106,2021-10-29 07:27:39.587000,113.0,1.0,113.5,5.0,112.5,2.0,114.0,2.0,110.55,1.0,115.0,1.0,109.25,3.0,115.9,2.0,108.0,1.0,116.9,2.0,105.55,10.0,117.0,1.0,103.0,1.0,118.0,2.0,52.0,1.0,118.5,1.0,48.0,3.0,120.0,1.0,,,123.43,1.0
210,Germany_Baseload#19#0#10000106,2021-10-29 07:27:39.688000,113.0,1.0,113.5,5.0,112.5,2.0,114.0,2.0,110.55,1.0,115.0,1.0,109.25,3.0,115.9,2.0,108.0,1.0,116.8,2.0,105.55,10.0,116.9,2.0,103.0,1.0,117.0,1.0,52.0,1.0,118.0,2.0,48.0,3.0,118.5,1.0,,,120.0,1.0
211,Germany_Baseload#19#0#10000106,2021-10-29 07:27:44.736000,112.5,2.0,113.5,5.0,110.55,1.0,114.0,2.0,109.25,3.0,115.0,1.0,108.0,1.0,115.9,2.0,105.55,10.0,116.8,2.0,103.0,1.0,116.9,2.0,52.0,1.0,117.0,1.0,48.0,3.0,118.0,2.0,,,118.5,1.0,,,120.0,1.0
212,Germany_Baseload#19#0#10000106,2021-10-29 07:27:44.738000,112.5,1.0,113.5,5.0,110.55,1.0,114.0,2.0,109.25,3.0,115.0,1.0,108.0,1.0,115.9,2.0,105.55,10.0,116.8,2.0,103.0,1.0,116.9,2.0,52.0,1.0,117.0,1.0,48.0,3.0,118.0,2.0,,,118.5,1.0,,,120.0,1.0
213,Germany_Baseload#19#0#10000106,2021-10-29 07:27:44.842000,112.5,1.0,113.5,5.0,111.35,1.0,114.0,2.0,110.55,1.0,115.0,1.0,109.25,3.0,115.9,2.0,108.0,1.0,116.8,2.0,105.55,10.0,116.9,2.0,103.0,1.0,117.0,1.0,52.0,1.0,118.0,2.0,48.0,3.0,118.5,1.0,,,120.0,1.0
214,Germany_Baseload#19#0#10000106,2021-10-29 07:27:44.884000,112.5,1.0,113.5,5.0,111.35,1.0,114.0,2.0,109.25,3.0,115.0,1.0,108.0,1.0,115.9,2.0,105.55,10.0,116.8,2.0,103.0,1.0,116.9,2.0,52.0,1.0,117.0,1.0,48.0,3.0,118.0,2.0,,,118.5,1.0,,,120.0,1.0
215,Germany_Baseload#19#0#10000106,2021-10-29 07:27:44.915000,112.5,1.0,113.5,5.0,112.45,1.0,114.0,2.0,111.35,1.0,115.0,1.0,109.25,3.0,115.9,2.0,108.0,1.0,116.8,2.0,105.55,10.0,116.9,2.0,103.0,1.0,117.0,1.0,52.0,1.0,118.0,2.0,48.0,3.0,118.5,1.0,,,120.0,1.0
216,Germany_Baseload#19#0#10000106,2021-10-29 07:27:44.916000,112.5,2.0,113.5,5.0,112.45,1.0,114.0,2.0,111.35,1.0,115.0,1.0,109.25,3.0,115.9,2.0,108.0,1.0,116.8,2.0,105.55,10.0,116.9,2.0,103.0,1.0,117.0,1.0,52.0,1.0,118.0,2.0,48.0,3.0,118.5,1.0,,,120.0,1.0
217,Germany_Baseload#19#0#10000106,2021-10-29 07:27:44.926000,112.5,2.0,113.5,5.0,112.45,1.0,114.0,2.0,109.25,3.0,115.0,1.0,108.0,1.0,115.9,2.0,105.55,10.0,116.8,2.0,103.0,1.0,116.9,2.0,52.0,1.0,117.0,1.0,48.0,3.0,118.0,2.0,,,118.5,1.0,,,120.0,1.0
218,Germany_Baseload#19#0#10000106,2021-10-29 07:27:44.947000,112.5,2.0,113.5,5.0,112.0,1.0,114.0,2.0,109.25,3.0,115.0,1.0,108.0,1.0,115.9,2.0,105.55,10.0,116.8,2.0,103.0,1.0,116.9,2.0,52.0,1.0,117.0,1.0,48.0,3.0,118.0,2.0,,,118.5,1.0,,,120.0,1.0
219,Germany_Baseload#19#0#10000106,2021-10-29 07:27:45.019000,112.5,2.0,113.5,5.0,112.0,1.0,114.0,2.0,110.3,1.0,115.0,1.0,109.25,3.0,115.9,2.0,108.0,1.0,116.8,2.0,105.55,10.0,116.9,2.0,103.0,1.0,117.0,1.0,52.0,1.0,118.0,2.0,48.0,3.0,118.5,1.0,,,120.0,1.0
220,Germany_Baseload#19#0#10000106,2021-10-29 07:27:45.052000,112.5,2.0,113.5,5.0,112.0,1.0,114.0,2.0,110.85,1.0,115.0,1.0,109.25,3.0,115.9,2.0,108.0,1.0,116.8,2.0,105.55,10.0,116.9,2.0,103.0,1.0,117.0,1.0,52.0,1.0,118.0,2.0,48.0,3.0,118.5,1.0,,,120.0,1.0
221,Germany_Baseload#19#0#10000106,2021-10-29 07:27:49.335000,112.5,2.0,113.5,1.0,112.0,1.0,114.0,2.0,110.85,1.0,115.0,1.0,109.25,3.0,115.9,2.0,108.0,1.0,116.8,2.0,105.55,10.0,116.9,2.0,103.0,1.0,117.0,1.0,52.0,1.0,118.0,2.0,48.0,3.0,118.5,1.0,,,120.0,1.0
222,Germany_Baseload#19#0#10000106,2021-10-29 07:27:53.774000,112.6,1.0,113.5,1.0,112.5,2.0,114.0,2.0,112.0,1.0,115.0,1.0,110.85,1.0,115.9,2.0,109.25,3.0,116.8,2.0,108.0,1.0,116.9,2.0,105.55,10.0,117.0,1.0,103.0,1.0,118.0,2.0,52.0,1.0,118.5,1.0,48.0,3.0,120.0,1.0
223,Germany_Baseload#19#0#10000106,2021-10-29 07:27:53.776000,112.6,1.0,113.5,1.0,112.5,2.0,114.0,2.0,110.85,1.0,115.0,1.0,109.25,3.0,115.9,2.0,108.0,1.0,116.8,2.0,105.55,10.0,116.9,2.0,103.0,1.0,117.0,1.0,52.0,1.0,118.0,2.0,48.0,3.0,118.5,1.0,,,120.0,1.0
224,Germany_Baseload#19#0#10000106,2021-10-29 07:27:56.767000,112.6,1.0,113.5,1.0,112.5,2.0,114.0,2.0,110.85,1.0,115.0,1.0,109.25,3.0,115.9,2.0,108.0,1.0,116.8,2.0,105.55,10.0,116.9,2.0,103.0,1.0,117.0,1.0,52.0,1.0,118.0,2.0,48.0,3.0,118.5,1.0,,,120.0,1.0
225,Germany_Baseload#19#0#10000106,2021-10-29 07:28:16.888000,112.6,1.0,113.5,6.0,112.5,2.0,114.0,2.0,110.85,1.0,115.0,1.0,109.25,3.0,115.48,2.0,108.0,1.0,115.9,2.0,105.55,10.0,116.9,2.0,103.0,1.0,117.0,1.0,52.0,1.0,118.0,2.0,48.0,3.0,118.5,1.0,,,120.0,1.0
226,Germany_Baseload#19#0#10000106,2021-10-29 07:28:28.968000,112.6,1.0,113.5,1.0,112.5,2.0,114.0,2.0,110.85,1.0,115.0,1.0,109.25,3.0,115.48,2.0,108.0,1.0,115.9,2.0,105.55,10.0,116.9,2.0,103.0,1.0,117.0,1.0,52.0,1.0,118.0,2.0,48.0,3.0,118.5,1.0,,,120.0,1.0
227,Germany_Baseload#19#0#10000106,2021-10-29 07:28:35.937000,112.75,1.0,113.5,1.0,112.6,1.0,114.0,2.0,112.5,2.0,115.0,1.0,110.85,1.0,115.48,2.0,109.25,3.0,115.9,2.0,108.0,1.0,116.9,2.0,105.55,10.0,117.0,1.0,103.0,1.0,118.0,2.0,52.0,1.0,118.5,1.0,48.0,3.0,120.0,1.0
228,Germany_Baseload#19#0#10000106,2021-10-29 07:28:37.635000,112.75,1.0,114.0,2.0,112.6,1.0,115.0,1.0,112.5,2.0,115.48,2.0,110.85,1.0,115.9,2.0,109.25,3.0,116.9,2.0,108.0,1.0,117.0,1.0,105.55,10.0,118.0,2.0,103.0,1.0,118.5,1.0,52.0,1.0,120.0,1.0,48.0,3.0,121.8,5.0
229,Germany_Baseload#19#0#10000106,2021-10-29 07:28:40.699000,113.0,1.0,114.0,2.0,112.75,1.0,115.0,1.0,112.6,1.0,115.48,2.0,112.5,2.0,115.9,2.0,110.85,1.0,116.9,2.0,109.25,3.0,117.0,1.0,108.0,1.0,118.0,2.0,105.55,10.0,118.5,1.0,103.0,1.0,120.0,1.0,52.0,1.0,121.8,5.0
230,Germany_Baseload#19#0#10000106,2021-10-29 07:28:40.828000,113.0,1.0,114.0,2.0,112.75,1.0,115.0,1.0,112.6,1.0,115.48,2.0,112.5,2.0,115.9,2.0,109.25,3.0,116.9,2.0,108.0,1.0,117.0,1.0,105.55,10.0,118.0,2.0,103.0,1.0,118.5,1.0,52.0,1.0,120.0,1.0,48.0,3.0,121.8,5.0
231,Germany_Baseload#19#0#10000106,2021-10-29 07:29:00.337000,113.05,1.0,114.0,2.0,113.0,1.0,115.0,1.0,112.75,1.0,115.48,2.0,112.5,2.0,115.9,2.0,109.25,3.0,116.9,2.0,108.0,1.0,117.0,1.0,105.55,10.0,118.0,2.0,103.0,1.0,118.5,1.0,52.0,1.0,120.0,1.0,48.0,3.0,121.8,5.0
232,Germany_Baseload#19#0#10000106,2021-10-29 07:29:05.691000,113.1,1.0,114.0,2.0,113.05,1.0,115.0,1.0,113.0,1.0,115.48,2.0,112.75,1.0,115.9,2.0,112.5,2.0,116.9,2.0,109.25,3.0,117.0,1.0,108.0,1.0,118.0,2.0,105.55,10.0,118.5,1.0,103.0,1.0,120.0,1.0,52.0,1.0,121.8,5.0
233,Germany_Baseload#19#0#10000106,2021-10-29 07:29:17.071000,113.1,1.0,114.0,2.0,113.05,1.0,115.0,1.0,113.0,1.0,115.42,2.0,112.75,1.0,115.48,2.0,112.5,2.0,115.9,2.0,109.25,3.0,116.9,2.0,108.0,1.0,117.0,1.0,105.55,10.0,118.0,2.0,103.0,1.0,118.5,1.0,52.0,1.0,120.0,1.0
234,Germany_Baseload#19#0#10000106,2021-10-29 07:29:17.072000,113.1,1.0,114.0,2.0,113.05,1.0,115.0,1.0,113.0,1.0,115.42,2.0,112.75,1.0,115.9,2.0,112.5,2.0,116.9,2.0,109.25,3.0,117.0,1.0,108.0,1.0,118.0,2.0,105.55,10.0,118.5,1.0,103.0,1.0,120.0,1.0,52.0,1.0,121.8,5.0
235,Germany_Baseload#19#0#10000106,2021-10-29 07:29:31.650000,113.05,1.0,114.0,2.0,113.0,1.0,115.0,1.0,112.75,1.0,115.42,2.0,112.5,2.0,115.9,2.0,109.25,3.0,116.9,2.0,108.0,1.0,117.0,1.0,105.55,10.0,118.0,2.0,103.0,1.0,118.5,1.0,52.0,1.0,120.0,1.0,48.0,3.0,121.8,5.0
236,Germany_Baseload#19#0#10000106,2021-10-29 07:29:44.504000,113.05,1.0,113.4,5.0,113.0,1.0,114.0,2.0,112.75,1.0,115.0,1.0,112.5,2.0,115.42,2.0,109.25,3.0,115.9,2.0,108.0,1.0,116.9,2.0,105.55,10.0,117.0,1.0,103.0,1.0,118.0,2.0,52.0,1.0,118.5,1.0,48.0,3.0,120.0,1.0
237,Germany_Baseload#19#0#10000106,2021-10-29 07:29:58.370000,113.05,1.0,113.4,5.0,113.0,1.0,114.0,2.0,112.75,1.0,115.0,1.0,112.5,2.0,115.42,2.0,109.25,3.0,115.9,2.0,108.0,1.0,116.9,2.0,105.55,10.0,117.0,1.0,103.0,1.0,118.0,2.0,52.0,1.0,118.5,1.0,48.0,3.0,119.0,5.0
238,Germany_Baseload#19#0#10000106,2021-10-29 07:29:58.622000,113.05,1.0,113.4,5.0,113.0,1.0,114.0,2.0,112.75,1.0,115.0,1.0,112.5,2.0,115.42,2.0,109.25,3.0,115.9,2.0,108.0,1.0,116.9,2.0,105.55,10.0,117.0,1.0,103.0,1.0,118.0,2.0,52.0,1.0,118.5,1.0,48.0,3.0,120.0,1.0
239,Germany_Baseload#19#0#10000106,2021-10-29 07:30:21.468000,113.05,1.0,113.4,5.0,113.0,1.0,114.0,2.0,112.75,1.0,115.0,1.0,112.5,2.0,115.9,2.0,109.25,3.0,116.9,2.0,108.0,1.0,117.0,1.0,105.55,10.0,118.0,2.0,103.0,1.0,118.5,1.0,52.0,1.0,120.0,1.0,48.0,3.0,121.8,5.0
240,Germany_Baseload#19#0#10000106,2021-10-29 07:30:21.567000,113.05,1.0,113.4,5.0,113.0,1.0,114.0,2.0,112.75,1.0,115.0,1.0,112.5,2.0,115.9,2.0,109.25,3.0,116.76,5.0,108.0,1.0,116.9,2.0,105.55,10.0,117.0,1.0,103.0,1.0,118.0,2.0,52.0,1.0,118.5,1.0,48.0,3.0,120.0,1.0
241,Germany_Baseload#19#0#10000106,2021-10-29 07:30:21.727000,113.05,1.0,113.4,5.0,113.0,1.0,114.0,2.0,112.75,1.0,115.0,1.0,112.5,2.0,115.9,2.0,109.25,3.0,116.76,5.0,108.0,1.0,116.9,2.0,105.55,10.0,117.0,1.0,103.0,1.0,118.0,2.0,52.0,1.0,118.5,1.0,48.0,3.0,120.0,1.0
242,Germany_Baseload#19#0#10000106,2021-10-29 07:30:24.348000,113.0,1.0,113.4,5.0,112.75,1.0,114.0,2.0,112.5,2.0,115.0,1.0,109.25,3.0,115.9,2.0,108.0,1.0,116.76,5.0,105.55,10.0,116.9,2.0,103.0,1.0,117.0,1.0,52.0,1.0,118.0,2.0,48.0,3.0,118.5,1.0,,,120.0,1.0
243,Germany_Baseload#19#0#10000106,2021-10-29 07:30:25.628000,112.75,1.0,113.4,5.0,112.5,2.0,114.0,2.0,109.25,3.0,115.0,1.0,108.0,1.0,115.9,2.0,105.55,10.0,116.76,5.0,103.0,1.0,116.9,2.0,52.0,1.0,117.0,1.0,48.0,3.0,118.0,2.0,,,118.5,1.0,,,120.0,1.0
244,Germany_Baseload#19#0#10000106,2021-10-29 07:30:26.307000,112.5,2.0,113.4,5.0,109.25,3.0,114.0,2.0,108.0,1.0,115.0,1.0,105.55,10.0,115.9,2.0,103.0,1.0,116.76,5.0,52.0,1.0,116.9,2.0,48.0,3.0,117.0,1.0,,,118.0,2.0,,,118.5,1.0,,,120.0,1.0
245,Germany_Baseload#19#0#10000106,2021-10-29 07:30:26.309000,112.5,2.0,113.4,5.0,112.25,1.0,114.0,2.0,109.25,3.0,115.0,1.0,108.0,1.0,115.9,2.0,105.55,10.0,116.76,5.0,103.0,1.0,116.9,2.0,52.0,1.0,117.0,1.0,48.0,3.0,118.0,2.0,,,118.5,1.0,,,120.0,1.0
246,Germany_Baseload#19#0#10000106,2021-10-29 07:30:26.395000,112.5,2.0,113.4,5.0,112.25,1.0,114.0,2.0,111.35,1.0,115.0,1.0,109.25,3.0,115.9,2.0,108.0,1.0,116.76,5.0,105.55,10.0,116.9,2.0,103.0,1.0,117.0,1.0,52.0,1.0,118.0,2.0,48.0,3.0,118.5,1.0,,,120.0,1.0
247,Germany_Baseload#19#0#10000106,2021-10-29 07:30:26.470000,112.5,2.0,113.4,5.0,112.25,1.0,114.0,2.0,111.35,1.0,115.0,1.0,110.3,1.0,115.9,2.0,109.25,3.0,116.76,5.0,108.0,1.0,116.9,2.0,105.55,10.0,117.0,1.0,103.0,1.0,118.0,2.0,52.0,1.0,118.5,1.0,48.0,3.0,120.0,1.0
248,Germany_Baseload#19#0#10000106,2021-10-29 07:30:26.475000,112.5,2.0,113.4,5.0,112.2,1.0,114.0,2.0,111.35,1.0,115.0,1.0,110.3,1.0,115.9,2.0,109.25,3.0,116.76,5.0,108.0,1.0,116.9,2.0,105.55,10.0,117.0,1.0,103.0,1.0,118.0,2.0,52.0,1.0,118.5,1.0,48.0,3.0,120.0,1.0
249,Germany_Baseload#19#0#10000106,2021-10-29 07:30:26.499000,112.5,2.0,113.4,5.0,112.2,1.0,114.0,2.0,110.3,1.0,115.0,1.0,109.25,3.0,115.9,2.0,108.0,1.0,116.76,5.0,105.55,10.0,116.9,2.0,103.0,1.0,117.0,1.0,52.0,1.0,118.0,2.0,48.0,3.0,118.5,1.0,,,120.0,1.0
250,Germany_Baseload#19#0#10000106,2021-10-29 07:30:26.504000,112.5,2.0,113.4,5.0,112.0,1.0,114.0,2.0,110.3,1.0,115.0,1.0,109.25,3.0,115.9,2.0,108.0,1.0,116.76,5.0,105.55,10.0,116.9,2.0,103.0,1.0,117.0,1.0,52.0,1.0,118.0,2.0,48.0,3.0,118.5,1.0,,,120.0,1.0
251,Germany_Baseload#19#0#10000106,2021-10-29 07:30:32.037000,112.75,1.0,113.4,5.0,112.5,2.0,114.0,2.0,112.0,1.0,115.0,1.0,110.3,1.0,115.9,2.0,109.25,3.0,116.76,5.0,108.0,1.0,116.9,2.0,105.55,10.0,117.0,1.0,103.0,1.0,118.0,2.0,52.0,1.0,118.5,1.0,48.0,3.0,120.0,1.0
252,Germany_Baseload#19#0#10000106,2021-10-29 07:30:32.039000,112.75,1.0,113.4,5.0,112.5,2.0,114.0,2.0,110.3,1.0,115.0,1.0,109.25,3.0,115.9,2.0,108.0,1.0,116.76,5.0,105.55,10.0,116.9,2.0,103.0,1.0,117.0,1.0,52.0,1.0,118.0,2.0,48.0,3.0,118.5,1.0,,,120.0,1.0
253,Germany_Baseload#19#0#10000106,2021-10-29 07:30:36.469000,112.75,1.0,113.0,5.0,112.5,2.0,114.0,2.0,110.3,1.0,115.0,1.0,109.25,3.0,115.9,2.0,108.0,1.0,116.76,5.0,105.55,10.0,116.9,2.0,103.0,1.0,117.0,1.0,52.0,1.0,118.0,2.0,48.0,3.0,118.5,1.0,,,120.0,1.0
254,Germany_Baseload#19#0#10000106,2021-10-29 07:30:37.849000,112.5,2.0,113.0,5.0,110.3,1.0,114.0,2.0,109.25,3.0,115.0,1.0,108.0,1.0,115.9,2.0,105.55,10.0,116.76,5.0,103.0,1.0,116.9,2.0,52.0,1.0,117.0,1.0,48.0,3.0,118.0,2.0,,,118.5,1.0,,,120.0,1.0
255,Germany_Baseload#19#0#10000106,2021-10-29 07:30:37.850000,112.5,2.0,113.0,5.0,112.25,1.0,114.0,2.0,110.3,1.0,115.0,1.0,109.25,3.0,115.9,2.0,108.0,1.0,116.76,5.0,105.55,10.0,116.9,2.0,103.0,1.0,117.0,1.0,52.0,1.0,118.0,2.0,48.0,3.0,118.5,1.0,,,120.0,1.0
256,Germany_Baseload#19#0#10000106,2021-10-29 07:30:37.941000,112.5,2.0,113.0,5.0,112.25,1.0,114.0,2.0,111.35,1.0,115.0,1.0,110.3,1.0,115.9,2.0,109.25,3.0,116.76,5.0,108.0,1.0,116.9,2.0,105.55,10.0,117.0,1.0,103.0,1.0,118.0,2.0,52.0,1.0,118.5,1.0,48.0,3.0,120.0,1.0
257,Germany_Baseload#19#0#10000106,2021-10-29 07:30:38.021000,112.5,2.0,113.0,5.0,112.25,1.0,114.0,2.0,112.0,1.0,115.0,1.0,111.35,1.0,115.9,2.0,110.3,1.0,116.76,5.0,109.25,3.0,116.9,2.0,108.0,1.0,117.0,1.0,105.55,10.0,118.0,2.0,103.0,1.0,118.5,1.0,52.0,1.0,120.0,1.0
258,Germany_Baseload#19#0#10000106,2021-10-29 07:30:38.022000,112.5,2.0,113.0,5.0,112.0,1.0,114.0,2.0,111.35,1.0,115.0,1.0,110.3,1.0,115.9,2.0,109.25,3.0,116.76,5.0,108.0,1.0,116.9,2.0,105.55,10.0,117.0,1.0,103.0,1.0,118.0,2.0,52.0,1.0,118.5,1.0,48.0,3.0,120.0,1.0
259,Germany_Baseload#19#0#10000106,2021-10-29 07:30:38.036000,112.5,2.0,113.0,5.0,112.0,1.0,114.0,2.0,110.3,1.0,115.0,1.0,109.25,3.0,115.9,2.0,108.0,1.0,116.76,5.0,105.55,10.0,116.9,2.0,103.0,1.0,117.0,1.0,52.0,1.0,118.0,2.0,48.0,3.0,118.5,1.0,,,120.0,1.0
260,Germany_Baseload#19#0#10000106,2021-10-29 07:30:38.088000,112.5,2.0,113.0,5.0,112.0,1.0,114.0,2.0,110.85,1.0,115.0,1.0,110.3,1.0,115.9,2.0,109.25,3.0,116.76,5.0,108.0,1.0,116.9,2.0,105.55,10.0,117.0,1.0,103.0,1.0,118.0,2.0,52.0,1.0,118.5,1.0,48.0,3.0,120.0,1.0
261,Germany_Baseload#19#0#10000106,2021-10-29 07:30:38.089000,112.5,2.0,113.0,5.0,112.0,1.0,114.0,2.0,110.85,1.0,115.0,1.0,109.25,3.0,115.9,2.0,108.0,1.0,116.76,5.0,105.55,10.0,116.9,2.0,103.0,1.0,117.0,1.0,52.0,1.0,118.0,2.0,48.0,3.0,118.5,1.0,,,120.0,1.0
262,Germany_Baseload#19#0#10000106,2021-10-29 07:30:39.345000,112.5,1.0,113.0,5.0,112.0,1.0,114.0,2.0,110.85,1.0,115.0,1.0,109.25,3.0,115.9,2.0,108.0,1.0,116.76,5.0,105.55,10.0,116.9,2.0,103.0,1.0,117.0,1.0,52.0,1.0,118.0,2.0,48.0,3.0,118.5,1.0,,,120.0,1.0
263,Germany_Baseload#19#0#10000106,2021-10-29 07:30:39.351000,112.5,1.0,113.0,5.0,110.85,1.0,114.0,2.0,109.25,3.0,115.0,1.0,108.0,1.0,115.9,2.0,105.55,10.0,116.76,5.0,103.0,1.0,116.9,2.0,52.0,1.0,117.0,1.0,48.0,3.0,118.0,2.0,,,118.5,1.0,,,120.0,1.0
264,Germany_Baseload#19#0#10000106,2021-10-29 07:30:43.354000,112.5,2.0,113.0,5.0,110.85,1.0,114.0,2.0,109.25,3.0,115.0,1.0,108.0,1.0,115.9,2.0,105.55,10.0,116.76,5.0,103.0,1.0,116.9,2.0,52.0,1.0,117.0,1.0,48.0,3.0,118.0,2.0,,,118.5,1.0,,,120.0,1.0
265,Germany_Baseload#19#0#10000106,2021-10-29 07:30:43.355000,112.5,2.0,113.0,5.0,112.0,1.0,114.0,2.0,110.85,1.0,115.0,1.0,109.25,3.0,115.9,2.0,108.0,1.0,116.76,5.0,105.55,10.0,116.9,2.0,103.0,1.0,117.0,1.0,52.0,1.0,118.0,2.0,48.0,3.0,118.5,1.0,,,120.0,1.0
266,Germany_Baseload#19#0#10000106,2021-10-29 07:30:43.448000,112.5,2.0,113.0,5.0,112.0,1.0,114.0,2.0,111.1,1.0,115.0,1.0,110.85,1.0,115.9,2.0,109.25,3.0,116.76,5.0,108.0,1.0,116.9,2.0,105.55,10.0,117.0,1.0,103.0,1.0,118.0,2.0,52.0,1.0,118.5,1.0,48.0,3.0,120.0,1.0
267,Germany_Baseload#19#0#10000106,2021-10-29 07:30:43.541000,112.5,2.0,113.0,5.0,112.0,1.0,114.0,2.0,110.85,1.0,115.0,1.0,109.25,3.0,115.9,2.0,108.0,1.0,116.76,5.0,105.55,10.0,116.9,2.0,103.0,1.0,117.0,1.0,52.0,1.0,118.0,2.0,48.0,3.0,118.5,1.0,,,120.0,1.0
268,Germany_Baseload#19#0#10000106,2021-10-29 07:30:44.614000,112.5,2.0,113.0,5.0,112.0,1.0,114.0,2.0,110.3,1.0,115.0,1.0,109.25,3.0,115.9,2.0,108.0,1.0,116.76,5.0,105.55,10.0,116.9,2.0,103.0,1.0,117.0,1.0,52.0,1.0,118.0,2.0,48.0,3.0,118.5,1.0,,,120.0,1.0
269,Germany_Baseload#19#0#10000106,2021-10-29 07:30:45.588000,112.55,1.0,113.0,5.0,112.5,2.0,114.0,2.0,112.0,1.0,115.0,1.0,110.3,1.0,115.9,2.0,109.25,3.0,116.76,5.0,108.0,1.0,116.9,2.0,105.55,10.0,117.0,1.0,103.0,1.0,118.0,2.0,52.0,1.0,118.5,1.0,48.0,3.0,120.0,1.0
270,Germany_Baseload#19#0#10000106,2021-10-29 07:30:45.590000,112.55,1.0,113.0,5.0,112.5,2.0,114.0,2.0,110.3,1.0,115.0,1.0,109.25,3.0,115.9,2.0,108.0,1.0,116.76,5.0,105.55,10.0,116.9,2.0,103.0,1.0,117.0,1.0,52.0,1.0,118.0,2.0,48.0,3.0,118.5,1.0,,,120.0,1.0
271,Germany_Baseload#19#0#10000106,2021-10-29 07:30:57.934000,112.55,1.0,113.0,5.0,112.5,2.0,114.0,2.0,110.3,1.0,115.0,1.0,109.25,3.0,115.9,2.0,108.0,1.0,116.76,5.0,105.55,10.0,116.9,2.0,103.0,1.0,117.0,1.0,52.0,1.0,118.0,2.0,48.0,3.0,118.5,1.0,,,120.0,1.0
272,Germany_Baseload#19#0#10000106,2021-10-29 07:31:06.311000,112.55,1.0,113.0,5.0,112.5,2.0,114.0,2.0,110.3,1.0,115.0,1.0,109.25,3.0,115.27,5.0,108.0,1.0,115.9,2.0,105.55,10.0,116.76,5.0,103.0,1.0,116.9,2.0,52.0,1.0,117.0,1.0,48.0,3.0,118.0,2.0,,,118.5,1.0
273,Germany_Baseload#19#0#10000106,2021-10-29 07:31:06.312000,112.55,1.0,113.0,5.0,112.5,2.0,114.0,2.0,110.3,1.0,115.0,1.0,109.25,3.0,115.27,5.0,108.0,1.0,115.9,2.0,105.55,10.0,116.9,2.0,103.0,1.0,117.0,1.0,52.0,1.0,118.0,2.0,48.0,3.0,118.5,1.0,,,120.0,1.0
274,Germany_Baseload#19#0#10000106,2021-10-29 07:31:19.591000,112.55,1.0,113.0,5.0,112.5,2.0,114.0,2.0,110.3,1.0,115.0,1.0,109.25,3.0,115.27,5.0,108.0,1.0,115.9,2.0,105.55,10.0,116.9,2.0,103.0,1.0,117.0,1.0,52.0,1.0,118.0,2.0,48.0,3.0,118.5,1.0,,,120.0,1.0
275,Germany_Baseload#19#0#10000106,2021-10-29 07:31:46.371000,112.5,2.0,113.0,5.0,110.3,1.0,114.0,2.0,109.25,3.0,115.0,1.0,108.0,1.0,115.27,5.0,105.55,10.0,115.9,2.0,103.0,1.0,116.9,2.0,52.0,1.0,117.0,1.0,48.0,3.0,118.0,2.0,,,118.5,1.0,,,120.0,1.0
276,Germany_Baseload#19#0#10000106,2021-10-29 07:31:46.372000,112.5,2.0,113.0,5.0,112.05,1.0,114.0,2.0,110.3,1.0,115.0,1.0,109.25,3.0,115.27,5.0,108.0,1.0,115.9,2.0,105.55,10.0,116.9,2.0,103.0,1.0,117.0,1.0,52.0,1.0,118.0,2.0,48.0,3.0,118.5,1.0,,,120.0,1.0
277,Germany_Baseload#19#0#10000106,2021-10-29 07:31:46.457000,112.5,2.0,113.0,5.0,112.05,1.0,114.0,2.0,111.15,1.0,115.0,1.0,110.3,1.0,115.27,5.0,109.25,3.0,115.9,2.0,108.0,1.0,116.9,2.0,105.55,10.0,117.0,1.0,103.0,1.0,118.0,2.0,52.0,1.0,118.5,1.0,48.0,3.0,120.0,1.0
278,Germany_Baseload#19#0#10000106,2021-10-29 07:31:46.543000,112.5,2.0,113.0,5.0,112.0,1.0,114.0,2.0,111.15,1.0,115.0,1.0,110.3,1.0,115.27,5.0,109.25,3.0,115.9,2.0,108.0,1.0,116.9,2.0,105.55,10.0,117.0,1.0,103.0,1.0,118.0,2.0,52.0,1.0,118.5,1.0,48.0,3.0,120.0,1.0
279,Germany_Baseload#19#0#10000106,2021-10-29 07:31:46.546000,112.5,2.0,113.0,5.0,112.0,1.0,114.0,2.0,110.3,1.0,115.0,1.0,109.25,3.0,115.27,5.0,108.0,1.0,115.9,2.0,105.55,10.0,116.9,2.0,103.0,1.0,117.0,1.0,52.0,1.0,118.0,2.0,48.0,3.0,118.5,1.0,,,120.0,1.0
280,Germany_Baseload#19#0#10000106,2021-10-29 07:31:46.607000,112.5,2.0,113.0,5.0,112.0,1.0,114.0,2.0,110.65,1.0,115.0,1.0,110.3,1.0,115.27,5.0,109.25,3.0,115.9,2.0,108.0,1.0,116.9,2.0,105.55,10.0,117.0,1.0,103.0,1.0,118.0,2.0,52.0,1.0,118.5,1.0,48.0,3.0,120.0,1.0
281,Germany_Baseload#19#0#10000106,2021-10-29 07:31:46.608000,112.5,2.0,113.0,5.0,112.0,1.0,114.0,2.0,110.65,1.0,115.0,1.0,109.25,3.0,115.27,5.0,108.0,1.0,115.9,2.0,105.55,10.0,116.9,2.0,103.0,1.0,117.0,1.0,52.0,1.0,118.0,2.0,48.0,3.0,118.5,1.0,,,120.0,1.0
282,Germany_Baseload#19#0#10000106,2021-10-29 07:31:46.678000,112.5,2.0,113.0,5.0,112.0,1.0,114.0,2.0,110.3,1.0,115.0,1.0,109.25,3.0,115.27,5.0,108.0,1.0,115.9,2.0,105.55,10.0,116.9,2.0,103.0,1.0,117.0,1.0,52.0,1.0,118.0,2.0,48.0,3.0,118.5,1.0,,,120.0,1.0
283,Germany_Baseload#19#0#10000106,2021-10-29 07:31:52.348000,112.5,2.0,113.0,5.0,112.0,1.0,114.0,2.0,110.3,1.0,115.0,1.0,109.25,3.0,115.27,5.0,108.0,1.0,115.9,2.0,105.55,10.0,116.9,2.0,103.0,1.0,117.0,1.0,52.0,1.0,118.0,2.0,48.0,3.0,118.5,1.0,,,120.0,1.0
284,Germany_Baseload#19#0#10000106,2021-10-29 07:31:52.550000,112.5,2.0,113.0,5.0,112.0,1.0,114.0,2.0,110.3,1.0,115.0,1.0,109.25,3.0,115.27,5.0,108.0,1.0,115.9,2.0,105.55,10.0,116.9,2.0,103.0,1.0,117.0,1.0,52.0,1.0,118.0,2.0,48.0,3.0,118.5,1.0,,,120.0,1.0
285,Germany_Baseload#19#0#10000106,2021-10-29 07:32:10.331000,112.5,1.0,113.0,5.0,112.0,1.0,114.0,2.0,110.3,1.0,115.0,1.0,109.25,3.0,115.23,5.0,108.0,1.0,115.9,2.0,105.55,10.0,116.9,2.0,103.0,1.0,117.0,1.0,52.0,1.0,118.0,2.0,48.0,3.0,118.5,1.0,,,120.0,1.0
286,Germany_Baseload#19#0#10000106,2021-10-29 07:32:22.293000,112.5,1.0,113.0,5.0,112.0,1.0,114.0,2.0,110.3,1.0,115.0,1.0,109.25,3.0,115.23,5.0,108.0,1.0,115.9,2.0,105.55,10.0,116.9,2.0,103.0,1.0,117.0,1.0,52.0,1.0,118.0,2.0,48.0,3.0,118.5,1.0,,,120.0,1.0
287,Germany_Baseload#19#0#10000106,2021-10-29 07:32:22.495000,112.5,1.0,113.0,5.0,112.0,1.0,114.0,2.0,110.3,1.0,115.0,1.0,109.25,3.0,115.23,5.0,108.0,1.0,115.9,2.0,105.55,10.0,116.9,2.0,103.0,1.0,117.0,1.0,52.0,1.0,118.0,2.0,48.0,3.0,118.5,1.0,,,120.0,1.0
288,Germany_Baseload#19#0#10000106,2021-10-29 07:32:23.565000,112.5,1.0,113.0,5.0,112.0,1.0,114.0,2.0,110.3,1.0,115.0,1.0,109.25,3.0,115.23,5.0,109.0,1.0,115.9,2.0,108.0,1.0,116.9,2.0,105.55,10.0,117.0,1.0,103.0,1.0,118.0,2.0,52.0,1.0,118.5,1.0,48.0,3.0,120.0,1.0
289,Germany_Baseload#19#0#10000106,2021-10-29 07:32:36.903000,112.5,1.0,113.0,5.0,112.0,1.0,114.0,2.0,110.3,1.0,115.0,1.0,110.0,1.0,115.23,5.0,109.25,3.0,115.9,2.0,109.0,1.0,116.9,2.0,108.0,1.0,117.0,1.0,105.55,10.0,118.0,2.0,103.0,1.0,118.5,1.0,52.0,1.0,120.0,1.0
290,Germany_Baseload#19#0#10000106,2021-10-29 07:32:52.102000,112.5,1.0,113.0,5.0,112.0,1.0,114.0,2.0,110.3,1.0,115.0,1.0,110.0,1.0,115.23,5.0,109.25,3.0,115.9,2.0,109.0,1.0,116.9,2.0,108.0,1.0,117.0,1.0,105.55,10.0,118.0,2.0,103.0,1.0,118.5,1.0,52.0,1.0,120.0,1.0
291,Germany_Baseload#19#0#10000106,2021-10-29 07:33:19.326000,112.5,1.0,113.0,5.0,112.0,1.0,114.0,2.0,110.3,1.0,115.0,1.0,110.0,1.0,115.16,5.0,109.25,3.0,115.23,5.0,109.0,1.0,115.9,2.0,108.0,1.0,116.9,2.0,105.55,10.0,117.0,1.0,103.0,1.0,118.0,2.0,52.0,1.0,118.5,1.0
292,Germany_Baseload#19#0#10000106,2021-10-29 07:33:19.327000,112.5,1.0,113.0,5.0,112.0,1.0,114.0,2.0,110.3,1.0,115.0,1.0,110.0,1.0,115.16,5.0,109.25,3.0,115.9,2.0,109.0,1.0,116.9,2.0,108.0,1.0,117.0,1.0,105.55,10.0,118.0,2.0,103.0,1.0,118.5,1.0,52.0,1.0,120.0,1.0
293,Germany_Baseload#19#0#10000106,2021-10-29 07:33:29.323000,112.5,1.0,113.0,5.0,112.0,1.0,114.0,2.0,110.3,1.0,115.0,1.0,110.0,1.0,115.9,2.0,109.25,3.0,116.9,2.0,109.0,1.0,117.0,1.0,108.0,1.0,118.0,2.0,105.55,10.0,118.5,1.0,103.0,1.0,120.0,1.0,52.0,1.0,121.8,5.0
294,Germany_Baseload#19#0#10000106,2021-10-29 07:33:29.409000,112.5,1.0,113.0,5.0,112.0,1.0,114.0,2.0,110.3,1.0,115.0,1.0,110.0,1.0,115.31,5.0,109.25,3.0,115.9,2.0,109.0,1.0,116.9,2.0,108.0,1.0,117.0,1.0,105.55,10.0,118.0,2.0,103.0,1.0,118.5,1.0,52.0,1.0,120.0,1.0
295,Germany_Baseload#19#0#10000106,2021-10-29 07:34:11.083000,112.5,1.0,113.0,5.0,112.0,1.0,114.0,2.0,110.3,1.0,115.0,1.0,110.0,1.0,115.9,2.0,109.25,3.0,116.9,2.0,109.0,1.0,117.0,1.0,108.0,1.0,118.0,2.0,105.55,10.0,118.5,1.0,103.0,1.0,120.0,1.0,52.0,1.0,121.8,5.0
296,Germany_Baseload#19#0#10000106,2021-10-29 07:34:11.182000,112.5,1.0,113.0,5.0,112.0,1.0,114.0,2.0,110.3,1.0,115.0,1.0,110.0,1.0,115.9,2.0,109.25,3.0,116.72,5.0,109.0,1.0,116.9,2.0,108.0,1.0,117.0,1.0,105.55,10.0,118.0,2.0,103.0,1.0,118.5,1.0,52.0,1.0,120.0,1.0
297,Germany_Baseload#19#0#10000106,2021-10-29 07:34:15.885000,112.5,1.0,113.0,5.0,112.0,1.0,114.0,2.0,110.3,1.0,115.0,1.0,110.0,1.0,115.9,2.0,109.25,3.0,116.72,5.0,109.0,1.0,116.9,2.0,108.0,1.0,117.0,1.0,105.55,10.0,118.0,2.0,103.0,1.0,118.5,1.0,52.0,1.0,120.0,1.0
298,Germany_Baseload#19#0#10000106,2021-10-29 07:34:17.208000,112.5,1.0,113.0,5.0,112.0,1.0,114.0,2.0,110.3,1.0,115.0,1.0,110.0,1.0,115.9,2.0,109.25,3.0,116.72,5.0,109.0,1.0,116.9,2.0,108.0,1.0,117.0,1.0,105.55,10.0,118.0,2.0,103.0,1.0,118.5,1.0,52.0,1.0,118.8,5.0
299,Germany_Baseload#19#0#10000106,2021-10-29 07:34:22.494000,112.5,1.0,113.0,5.0,112.0,1.0,114.0,2.0,110.3,1.0,115.0,1.0,110.0,1.0,115.19,5.0,109.25,3.0,115.9,2.0,109.0,1.0,116.72,5.0,108.0,1.0,116.9,2.0,105.55,10.0,117.0,1.0,103.0,1.0,118.0,2.0,52.0,1.0,118.5,1.0
300,Germany_Baseload#19#0#10000106,2021-10-29 07:34:22.495000,112.5,1.0,113.0,5.0,112.0,1.0,114.0,2.0,110.3,1.0,115.0,1.0,110.0,1.0,115.19,5.0,109.25,3.0,115.9,2.0,109.0,1.0,116.9,2.0,108.0,1.0,117.0,1.0,105.55,10.0,118.0,2.0,103.0,1.0,118.5,1.0,52.0,1.0,118.8,5.0
301,Germany_Baseload#19#0#10000106,2021-10-29 07:34:29.511000,112.55,2.0,113.0,5.0,112.5,1.0,114.0,2.0,112.0,1.0,115.0,1.0,110.3,1.0,115.19,5.0,110.0,1.0,115.9,2.0,109.25,3.0,116.9,2.0,109.0,1.0,117.0,1.0,108.0,1.0,118.0,2.0,105.55,10.0,118.5,1.0,103.0,1.0,118.8,5.0
302,Germany_Baseload#19#0#10000106,2021-10-29 07:34:29.512000,112.55,2.0,113.0,5.0,112.5,1.0,114.0,2.0,110.3,1.0,115.0,1.0,110.0,1.0,115.19,5.0,109.25,3.0,115.9,2.0,109.0,1.0,116.9,2.0,108.0,1.0,117.0,1.0,105.55,10.0,118.0,2.0,103.0,1.0,118.5,1.0,52.0,1.0,118.8,5.0
303,Germany_Baseload#19#0#10000106,2021-10-29 07:34:29.898000,112.55,2.0,113.0,5.0,112.5,1.0,114.0,2.0,110.3,1.0,115.0,1.0,110.0,1.0,115.19,5.0,109.25,3.0,115.9,2.0,109.0,1.0,116.9,2.0,108.0,1.0,117.0,1.0,105.55,10.0,118.0,2.0,103.0,1.0,118.8,5.0,52.0,1.0,120.0,1.0
304,Germany_Baseload#19#0#10000106,2021-10-29 07:34:43.963000,112.55,2.0,113.0,5.0,112.5,1.0,114.0,2.0,110.3,1.0,115.0,1.0,110.0,1.0,115.19,5.0,109.25,3.0,115.9,2.0,109.0,1.0,116.9,2.0,108.0,1.0,117.0,1.0,105.55,10.0,118.0,2.0,103.0,1.0,120.0,1.0,52.0,1.0,,
305,Germany_Baseload#19#0#10000106,2021-10-29 07:34:44.180000,112.55,2.0,113.0,5.0,112.5,1.0,114.0,2.0,110.3,1.0,115.0,1.0,110.0,1.0,115.19,5.0,109.25,3.0,115.9,2.0,109.0,1.0,116.9,2.0,108.0,1.0,117.0,1.0,105.55,10.0,118.0,2.0,103.0,1.0,118.8,5.0,52.0,1.0,120.0,1.0
306,Germany_Baseload#19#0#10000106,2021-10-29 07:34:56.272000,112.55,2.0,113.0,5.0,112.5,1.0,114.0,2.0,110.3,1.0,115.0,1.0,110.0,1.0,115.19,5.0,109.25,3.0,115.9,2.0,109.0,1.0,116.9,2.0,108.0,1.0,117.0,1.0,105.55,10.0,118.0,2.0,103.0,1.0,120.0,1.0,52.0,1.0,,
307,Germany_Baseload#19#0#10000106,2021-10-29 07:34:56.424000,112.55,2.0,113.0,5.0,112.5,1.0,114.0,2.0,110.3,1.0,115.0,1.0,110.0,1.0,115.19,5.0,109.25,3.0,115.9,2.0,109.0,1.0,116.9,2.0,108.0,1.0,117.0,1.0,105.55,10.0,118.0,2.0,103.0,1.0,118.8,5.0,52.0,1.0,120.0,1.0
308,Germany_Baseload#19#0#10000106,2021-10-29 07:35:06.520000,112.55,2.0,113.0,5.0,112.5,1.0,114.0,2.0,110.3,1.0,115.0,1.0,110.0,1.0,115.19,5.0,109.25,3.0,115.9,2.0,109.0,1.0,116.9,2.0,108.0,1.0,117.0,1.0,105.55,10.0,118.0,2.0,103.0,1.0,120.0,1.0,52.0,1.0,,
309,Germany_Baseload#19#0#10000106,2021-10-29 07:35:06.584000,112.55,2.0,113.0,5.0,112.5,1.0,114.0,2.0,110.3,1.0,115.0,1.0,110.0,1.0,115.9,2.0,109.25,3.0,116.9,2.0,109.0,1.0,117.0,1.0,108.0,1.0,118.0,2.0,105.55,10.0,120.0,1.0,103.0,1.0,,,52.0,1.0,,
310,Germany_Baseload#19#0#10000106,2021-10-29 07:35:06.731000,112.55,2.0,113.0,5.0,112.5,1.0,114.0,2.0,110.3,1.0,115.0,1.0,110.0,1.0,115.9,2.0,109.25,3.0,116.68,5.0,109.0,1.0,116.9,2.0,108.0,1.0,117.0,1.0,105.55,10.0,118.0,2.0,103.0,1.0,120.0,1.0,52.0,1.0,,
311,Germany_Baseload#19#0#10000106,2021-10-29 07:35:10.673000,112.55,2.0,113.0,5.0,112.5,1.0,114.0,2.0,110.3,1.0,115.0,1.0,110.0,1.0,115.9,2.0,109.25,3.0,116.68,5.0,109.0,1.0,116.9,2.0,108.0,1.0,117.0,1.0,105.55,10.0,118.0,2.0,103.0,1.0,118.6,5.0,52.0,1.0,120.0,1.0
312,Germany_Baseload#19#0#10000106,2021-10-29 07:35:18.313000,112.5,1.0,113.0,5.0,110.3,1.0,114.0,2.0,110.0,1.0,115.0,1.0,109.25,3.0,115.9,2.0,109.0,1.0,116.68,5.0,108.0,1.0,116.9,2.0,105.55,10.0,117.0,1.0,103.0,1.0,118.0,2.0,52.0,1.0,118.6,5.0,48.0,3.0,120.0,1.0
313,Germany_Baseload#19#0#10000106,2021-10-29 07:35:18.314000,112.5,1.0,113.0,5.0,112.05,1.0,114.0,2.0,110.3,1.0,115.0,1.0,110.0,1.0,115.9,2.0,109.25,3.0,116.68,5.0,109.0,1.0,116.9,2.0,108.0,1.0,117.0,1.0,105.55,10.0,118.0,2.0,103.0,1.0,118.6,5.0,52.0,1.0,120.0,1.0
314,Germany_Baseload#19#0#10000106,2021-10-29 07:35:18.408000,112.5,1.0,113.0,5.0,112.05,1.0,114.0,2.0,111.15,1.0,115.0,1.0,110.3,1.0,115.9,2.0,110.0,1.0,116.68,5.0,109.25,3.0,116.9,2.0,109.0,1.0,117.0,1.0,108.0,1.0,118.0,2.0,105.55,10.0,118.6,5.0,103.0,1.0,120.0,1.0
315,Germany_Baseload#19#0#10000106,2021-10-29 07:35:18.483000,112.5,1.0,113.0,5.0,112.05,1.0,114.0,2.0,112.0,1.0,115.0,1.0,111.15,1.0,115.9,2.0,110.3,1.0,116.68,5.0,110.0,1.0,116.9,2.0,109.25,3.0,117.0,1.0,109.0,1.0,118.0,2.0,108.0,1.0,118.6,5.0,105.55,10.0,120.0,1.0
316,Germany_Baseload#19#0#10000106,2021-10-29 07:35:18.484000,112.5,1.0,113.0,5.0,112.0,1.0,114.0,2.0,111.15,1.0,115.0,1.0,110.3,1.0,115.9,2.0,110.0,1.0,116.68,5.0,109.25,3.0,116.9,2.0,109.0,1.0,117.0,1.0,108.0,1.0,118.0,2.0,105.55,10.0,118.6,5.0,103.0,1.0,120.0,1.0
317,Germany_Baseload#19#0#10000106,2021-10-29 07:35:18.498000,112.5,1.0,113.0,5.0,112.0,1.0,114.0,2.0,110.3,1.0,115.0,1.0,110.0,1.0,115.9,2.0,109.25,3.0,116.68,5.0,109.0,1.0,116.9,2.0,108.0,1.0,117.0,1.0,105.55,10.0,118.0,2.0,103.0,1.0,118.6,5.0,52.0,1.0,120.0,1.0
318,Germany_Baseload#19#0#10000106,2021-10-29 07:35:18.572000,112.5,1.0,113.0,5.0,112.0,1.0,114.0,2.0,110.65,1.0,115.0,1.0,110.0,1.0,115.9,2.0,109.25,3.0,116.68,5.0,109.0,1.0,116.9,2.0,108.0,1.0,117.0,1.0,105.55,10.0,118.0,2.0,103.0,1.0,118.6,5.0,52.0,1.0,120.0,1.0
319,Germany_Baseload#19#0#10000106,2021-10-29 07:35:18.629000,112.5,1.0,113.0,5.0,112.0,1.0,114.0,2.0,110.3,1.0,115.0,1.0,110.0,1.0,115.9,2.0,109.25,3.0,116.68,5.0,109.0,1.0,116.9,2.0,108.0,1.0,117.0,1.0,105.55,10.0,118.0,2.0,103.0,1.0,118.6,5.0,52.0,1.0,120.0,1.0
320,Germany_Baseload#19#0#10000106,2021-10-29 07:35:18.772000,112.5,1.0,113.0,5.0,112.0,1.0,114.0,2.0,110.3,1.0,115.0,1.0,110.0,1.0,115.08,5.0,109.25,3.0,115.9,2.0,109.0,1.0,116.9,2.0,108.0,1.0,117.0,1.0,105.55,10.0,118.0,2.0,103.0,1.0,118.6,5.0,52.0,1.0,120.0,1.0
321,Germany_Baseload#19#0#10000106,2021-10-29 07:35:19.807000,112.5,1.0,113.0,5.0,112.0,1.0,114.0,2.0,110.3,1.0,115.0,1.0,110.0,1.0,115.08,5.0,109.25,3.0,115.9,2.0,109.0,1.0,116.9,2.0,108.0,1.0,117.0,1.0,105.55,10.0,118.0,2.0,103.0,1.0,118.6,5.0,52.0,1.0,120.0,1.0
322,Germany_Baseload#19#0#10000106,2021-10-29 07:35:19.822000,112.5,1.0,113.0,5.0,112.0,2.0,114.0,2.0,110.3,1.0,115.0,1.0,110.0,1.0,115.08,5.0,109.25,3.0,115.9,2.0,109.0,1.0,116.9,2.0,108.0,1.0,117.0,1.0,105.55,10.0,118.0,2.0,103.0,1.0,118.6,5.0,52.0,1.0,120.0,1.0
323,Germany_Baseload#19#0#10000106,2021-10-29 07:35:19.833000,112.5,1.0,112.55,2.0,112.0,2.0,113.0,5.0,110.3,1.0,114.0,2.0,110.0,1.0,115.0,1.0,109.25,3.0,115.08,5.0,109.0,1.0,115.9,2.0,108.0,1.0,116.9,2.0,105.55,10.0,117.0,1.0,103.0,1.0,118.0,2.0,52.0,1.0,118.6,5.0
324,Germany_Baseload#19#0#10000106,2021-10-29 07:35:19.851000,112.5,1.0,112.55,2.0,112.0,2.0,113.0,5.0,110.3,1.0,114.0,2.0,110.0,1.0,115.0,1.0,109.25,3.0,115.08,5.0,109.0,1.0,115.9,2.0,108.0,1.0,116.9,2.0,105.55,10.0,117.0,1.0,103.0,1.0,118.0,2.0,52.0,1.0,118.6,5.0
325,Germany_Baseload#19#0#10000106,2021-10-29 07:35:19.881000,112.5,1.0,112.55,2.0,112.0,2.0,113.0,5.0,111.5,1.0,114.0,2.0,110.3,1.0,115.0,1.0,110.0,1.0,115.08,5.0,109.25,3.0,115.9,2.0,109.0,1.0,116.9,2.0,108.0,1.0,117.0,1.0,105.55,10.0,118.0,2.0,103.0,1.0,118.6,5.0
326,Germany_Baseload#19#0#10000106,2021-10-29 07:35:20.001000,112.5,1.0,112.55,2.0,112.0,2.0,113.0,5.0,111.5,1.0,114.0,2.0,110.0,1.0,115.0,1.0,109.25,3.0,115.08,5.0,109.0,1.0,115.9,2.0,108.0,1.0,116.9,2.0,105.55,10.0,117.0,1.0,103.0,1.0,118.0,2.0,52.0,1.0,118.6,5.0
327,Germany_Baseload#19#0#10000106,2021-10-29 07:35:27.680000,112.5,1.0,112.55,2.0,112.0,1.0,113.0,5.0,111.5,1.0,114.0,2.0,110.0,1.0,115.0,1.0,109.25,3.0,115.08,5.0,109.0,1.0,115.9,2.0,108.0,1.0,116.9,2.0,105.55,10.0,117.0,1.0,103.0,1.0,118.0,2.0,52.0,1.0,118.6,5.0
328,Germany_Baseload#19#0#10000106,2021-10-29 07:35:27.683000,112.5,1.0,112.55,2.0,112.0,3.0,113.0,5.0,110.0,1.0,114.0,2.0,109.25,3.0,115.0,1.0,109.0,1.0,115.08,5.0,108.0,1.0,115.9,2.0,105.55,10.0,116.9,2.0,103.0,1.0,117.0,1.0,52.0,1.0,118.0,2.0,48.0,3.0,118.6,5.0
329,Germany_Baseload#19#0#10000106,2021-10-29 07:35:38.641000,112.5,1.0,112.55,2.0,112.0,3.0,113.0,5.0,110.0,1.0,114.0,2.0,109.25,3.0,115.0,1.0,109.0,1.0,115.08,5.0,108.0,1.0,115.9,2.0,105.55,10.0,116.9,2.0,103.0,1.0,117.0,1.0,52.0,1.0,118.0,2.0,48.0,3.0,118.4,5.0
330,Germany_Baseload#19#0#10000106,2021-10-29 07:35:58.835000,112.5,1.0,112.5,1.0,112.0,3.0,112.55,2.0,110.0,1.0,113.0,5.0,109.25,3.0,114.0,2.0,109.0,1.0,115.0,1.0,108.0,1.0,115.08,5.0,105.55,10.0,115.9,2.0,103.0,1.0,116.9,2.0,52.0,1.0,117.0,1.0,48.0,3.0,118.0,2.0
331,Germany_Baseload#19#0#10000106,2021-10-29 07:36:02.925000,112.5,1.0,112.5,1.0,112.0,3.0,112.55,2.0,111.0,1.0,113.0,5.0,110.0,1.0,114.0,2.0,109.25,3.0,115.0,1.0,109.0,1.0,115.08,5.0,108.0,1.0,115.9,2.0,105.55,10.0,116.9,2.0,103.0,1.0,117.0,1.0,52.0,1.0,118.0,2.0
332,Germany_Baseload#19#0#10000106,2021-10-29 07:36:06.312000,112.5,1.0,112.5,6.0,112.0,3.0,112.55,2.0,111.0,1.0,114.0,2.0,110.0,1.0,115.0,1.0,109.25,3.0,115.08,5.0,109.0,1.0,115.9,2.0,108.0,1.0,116.9,2.0,105.55,10.0,117.0,1.0,103.0,1.0,118.0,2.0,52.0,1.0,118.4,5.0
333,Germany_Baseload#19#0#10000106,2021-10-29 07:36:24.572000,112.5,1.0,112.5,6.0,112.0,3.0,112.55,2.0,111.0,1.0,114.0,2.0,110.0,1.0,114.95,5.0,109.25,3.0,115.0,1.0,109.0,1.0,115.9,2.0,108.0,1.0,116.9,2.0,105.55,10.0,117.0,1.0,103.0,1.0,118.0,2.0,52.0,1.0,118.4,5.0
334,Germany_Baseload#19#0#10000106,2021-10-29 07:36:53.933000,112.5,1.0,112.5,6.0,112.0,3.0,112.55,2.0,111.0,1.0,114.0,2.0,110.0,1.0,114.95,5.0,109.25,3.0,115.0,1.0,109.0,1.0,115.9,2.0,108.0,1.0,116.9,2.0,105.55,10.0,117.0,1.0,103.0,1.0,118.0,1.0,52.0,1.0,118.4,5.0
335,Germany_Baseload#19#0#10000106,2021-10-29 07:36:53.959000,112.5,1.0,112.5,6.0,112.0,3.0,112.55,2.0,111.0,1.0,114.0,2.0,110.0,1.0,114.95,5.0,109.25,3.0,115.0,1.0,109.0,1.0,115.9,2.0,108.0,1.0,116.0,1.0,105.55,10.0,116.9,2.0,103.0,1.0,117.0,1.0,52.0,1.0,118.0,1.0
336,Germany_Baseload#19#0#10000106,2021-10-29 07:37:06.914000,112.5,1.0,112.5,6.0,112.0,3.0,112.55,2.0,111.6,5.0,113.4,5.0,111.0,1.0,114.0,2.0,110.0,1.0,114.95,5.0,109.25,3.0,115.0,1.0,109.0,1.0,115.9,2.0,108.0,1.0,116.0,1.0,105.55,10.0,116.9,2.0,103.0,1.0,117.0,1.0
337,Germany_Baseload#19#0#10000106,2021-10-29 07:37:06.915000,112.5,1.0,112.5,6.0,112.0,3.0,112.55,2.0,111.6,5.0,113.4,5.0,111.0,1.0,114.0,2.0,110.0,1.0,114.95,5.0,109.25,3.0,115.0,1.0,109.0,1.0,115.9,2.0,108.0,1.0,116.0,1.0,105.55,10.0,116.9,2.0,103.0,1.0,117.0,1.0
338,Germany_Baseload#19#0#10000106,2021-10-29 07:37:09.036000,112.5,1.0,112.4,1.0,112.0,3.0,112.5,6.0,111.6,5.0,112.55,2.0,111.0,1.0,113.4,5.0,110.0,1.0,114.0,2.0,109.25,3.0,114.95,5.0,109.0,1.0,115.0,1.0,108.0,1.0,115.9,2.0,105.55,10.0,116.0,1.0,103.0,1.0,116.9,2.0
339,Germany_Baseload#19#0#10000106,2021-10-29 07:37:09.054000,112.5,1.0,112.4,1.0,112.0,3.0,112.5,6.0,111.55,5.0,112.55,2.0,111.0,1.0,113.35,5.0,110.0,1.0,114.0,2.0,109.25,3.0,114.95,5.0,109.0,1.0,115.0,1.0,108.0,1.0,115.9,2.0,105.55,10.0,116.0,1.0,103.0,1.0,116.9,2.0
340,Germany_Baseload#19#0#10000106,2021-10-29 07:37:20.076000,112.5,1.0,112.4,1.0,112.0,3.0,112.5,1.0,111.55,5.0,112.55,2.0,111.0,1.0,113.35,5.0,110.0,1.0,114.0,2.0,109.25,3.0,114.95,5.0,109.0,1.0,115.0,1.0,108.0,1.0,115.9,2.0,105.55,10.0,116.0,1.0,103.0,1.0,116.9,2.0
341,Germany_Baseload#19#0#10000106,2021-10-29 07:37:20.579000,112.5,1.0,112.4,1.0,112.0,3.0,112.5,1.0,111.55,5.0,112.55,2.0,111.0,1.0,113.35,5.0,110.0,1.0,114.0,2.0,109.25,3.0,115.0,1.0,109.0,1.0,115.9,2.0,108.0,1.0,116.0,1.0,105.55,10.0,116.9,2.0,103.0,1.0,117.0,1.0
342,Germany_Baseload#19#0#10000106,2021-10-29 07:37:20.669000,112.5,1.0,112.4,1.0,112.0,3.0,112.5,1.0,111.55,5.0,112.55,2.0,111.0,1.0,113.35,5.0,110.0,1.0,114.0,2.0,109.25,3.0,114.97,5.0,109.0,1.0,115.0,1.0,108.0,1.0,115.9,2.0,105.55,10.0,116.0,1.0,103.0,1.0,116.9,2.0
343,Germany_Baseload#19#0#10000106,2021-10-29 07:37:23.912000,112.5,1.0,112.4,1.0,112.0,3.0,112.5,1.0,111.55,5.0,112.55,2.0,111.0,1.0,113.35,5.0,110.0,1.0,114.0,1.0,109.25,3.0,114.97,5.0,109.0,1.0,115.0,1.0,108.0,1.0,115.9,2.0,105.55,10.0,116.0,1.0,103.0,1.0,116.9,2.0
344,Germany_Baseload#19#0#10000106,2021-10-29 07:37:27.360000,112.5,1.0,112.4,1.0,112.0,3.0,112.5,1.0,111.55,5.0,112.55,2.0,111.0,1.0,113.35,5.0,110.0,1.0,114.0,1.0,109.25,3.0,114.97,5.0,109.0,1.0,115.0,1.0,108.0,1.0,115.9,2.0,105.55,10.0,116.0,1.0,103.0,1.0,116.9,2.0
345,Germany_Baseload#19#0#10000106,2021-10-29 07:37:31.593000,112.5,1.0,112.4,1.0,112.0,3.0,112.5,1.0,111.55,5.0,112.55,2.0,111.0,1.0,113.35,5.0,110.0,1.0,114.0,1.0,109.25,3.0,114.97,5.0,109.0,1.0,115.0,1.0,108.0,1.0,115.9,2.0,105.55,10.0,116.0,1.0,103.0,1.0,116.9,2.0
346,Germany_Baseload#19#0#10000106,2021-10-29 07:37:37.505000,112.5,1.0,112.4,1.0,112.0,3.0,112.5,1.0,111.55,5.0,112.55,2.0,111.0,1.0,113.35,5.0,110.0,1.0,114.0,1.0,109.25,3.0,114.97,5.0,109.0,1.0,115.0,1.0,108.0,1.0,115.9,2.0,105.55,10.0,116.0,1.0,103.0,1.0,116.9,2.0
347,Germany_Baseload#19#0#10000106,2021-10-29 07:37:37.934000,112.5,1.0,112.5,1.0,112.0,3.0,112.55,2.0,111.55,5.0,113.35,5.0,111.0,1.0,114.0,1.0,110.0,1.0,114.97,5.0,109.25,3.0,115.0,1.0,109.0,1.0,115.9,2.0,108.0,1.0,116.0,1.0,105.55,10.0,116.9,2.0,103.0,1.0,117.0,1.0
348,Germany_Baseload#19#0#10000106,2021-10-29 07:37:37.949000,112.5,1.0,112.5,1.0,112.0,3.0,112.55,2.0,111.6,5.0,113.4,5.0,111.0,1.0,114.0,1.0,110.0,1.0,114.97,5.0,109.25,3.0,115.0,1.0,109.0,1.0,115.9,2.0,108.0,1.0,116.0,1.0,105.55,10.0,116.9,2.0,103.0,1.0,117.0,1.0
349,Germany_Baseload#19#0#10000106,2021-10-29 07:37:38.810000,112.0,3.0,112.5,1.0,111.6,5.0,112.55,2.0,111.0,1.0,113.4,5.0,110.0,1.0,114.0,1.0,109.25,3.0,114.97,5.0,109.0,1.0,115.0,1.0,108.0,1.0,115.9,2.0,105.55,10.0,116.0,1.0,103.0,1.0,116.9,2.0,52.0,1.0,117.0,1.0
350,Germany_Baseload#19#0#10000106,2021-10-29 07:37:39.081000,112.0,3.0,112.5,1.0,111.35,5.0,112.55,2.0,111.0,1.0,113.15,5.0,110.0,1.0,114.0,1.0,109.25,3.0,114.97,5.0,109.0,1.0,115.0,1.0,108.0,1.0,115.9,2.0,105.55,10.0,116.0,1.0,103.0,1.0,116.9,2.0,52.0,1.0,117.0,1.0
351,Germany_Baseload#19#0#10000106,2021-10-29 07:38:20.278000,112.0,3.0,112.5,1.0,111.35,5.0,112.55,2.0,111.0,1.0,113.15,5.0,110.0,1.0,114.0,1.0,109.25,3.0,114.97,5.0,109.0,1.0,115.0,1.0,108.0,1.0,115.9,2.0,105.55,10.0,116.0,1.0,103.0,1.0,116.9,2.0,52.0,1.0,117.0,1.0
352,Germany_Baseload#19#0#10000106,2021-10-29 07:38:29.348000,112.0,3.0,112.5,1.0,111.35,5.0,112.55,2.0,111.0,1.0,113.15,5.0,110.0,1.0,114.0,1.0,109.25,3.0,114.97,5.0,109.0,1.0,115.0,1.0,108.0,1.0,115.9,2.0,105.55,10.0,116.0,1.0,103.0,1.0,116.9,2.0,52.0,1.0,117.0,1.0
353,Germany_Baseload#19#0#10000106,2021-10-29 07:38:29.349000,112.0,3.0,112.5,1.0,111.35,5.0,112.55,2.0,111.0,1.0,113.15,5.0,110.0,1.0,114.0,1.0,109.25,3.0,115.0,1.0,109.0,1.0,115.9,2.0,108.0,1.0,116.0,1.0,105.55,10.0,116.9,2.0,103.0,1.0,117.0,1.0,52.0,1.0,118.0,1.0
354,Germany_Baseload#19#0#10000106,2021-10-29 07:38:29.439000,112.0,3.0,112.5,1.0,111.35,5.0,112.55,2.0,111.0,1.0,113.15,5.0,110.0,1.0,114.0,1.0,109.25,3.0,114.98,5.0,109.0,1.0,115.0,1.0,108.0,1.0,115.9,2.0,105.55,10.0,116.0,1.0,103.0,1.0,116.9,2.0,52.0,1.0,117.0,1.0
355,Germany_Baseload#19#0#10000106,2021-10-29 07:39:09.923000,112.0,3.0,112.5,5.0,111.35,5.0,112.55,2.0,111.0,1.0,113.15,5.0,110.0,1.0,114.0,1.0,109.25,3.0,114.98,5.0,109.0,1.0,115.0,1.0,108.0,1.0,115.9,2.0,105.55,10.0,116.0,1.0,103.0,1.0,116.9,2.0,52.0,1.0,117.0,1.0
356,Germany_Baseload#19#0#10000106,2021-10-29 07:39:38.857000,112.0,3.0,112.5,5.0,111.35,5.0,112.55,2.0,111.0,1.0,113.15,5.0,110.0,1.0,114.0,1.0,109.25,3.0,114.97,5.0,109.0,1.0,114.98,5.0,108.0,1.0,115.0,1.0,105.55,10.0,115.9,2.0,103.0,1.0,116.0,1.0,52.0,1.0,116.9,2.0
357,Germany_Baseload#19#0#10000106,2021-10-29 07:39:38.858000,112.0,3.0,112.5,5.0,111.35,5.0,112.55,2.0,111.0,1.0,113.15,5.0,110.0,1.0,114.0,1.0,109.25,3.0,114.97,5.0,109.0,1.0,115.0,1.0,108.0,1.0,115.9,2.0,105.55,10.0,116.0,1.0,103.0,1.0,116.9,2.0,52.0,1.0,117.0,1.0
358,Germany_Baseload#19#0#10000106,2021-10-29 07:40:11.614000,112.0,3.0,112.5,5.0,111.35,5.0,112.55,2.0,111.0,1.0,113.15,5.0,110.0,1.0,114.0,1.0,109.25,3.0,114.97,5.0,109.0,1.0,115.0,1.0,108.0,1.0,115.9,2.0,105.55,10.0,116.0,1.0,103.0,1.0,116.9,2.0,52.0,1.0,117.0,1.0
359,Germany_Baseload#19#0#10000106,2021-10-29 07:40:11.845000,112.0,3.0,112.5,5.0,111.35,5.0,112.55,2.0,111.0,1.0,113.15,5.0,110.0,1.0,114.0,1.0,109.25,3.0,114.97,5.0,109.0,1.0,115.0,1.0,108.0,1.0,115.9,2.0,105.55,10.0,116.0,1.0,103.0,1.0,116.9,2.0,52.0,1.0,117.0,1.0
360,Germany_Baseload#19#0#10000106,2021-10-29 07:40:12.652000,112.0,3.0,112.5,5.0,111.35,5.0,112.55,2.0,111.0,1.0,113.15,5.0,110.0,1.0,114.0,1.0,109.25,3.0,114.97,5.0,109.0,1.0,115.0,1.0,108.0,1.0,115.9,2.0,105.55,10.0,116.0,1.0,103.0,1.0,116.9,2.0,52.0,1.0,117.0,1.0
361,Germany_Baseload#19#0#10000106,2021-10-29 07:40:20.698000,112.0,3.0,112.5,5.0,111.35,5.0,112.55,2.0,111.0,1.0,113.15,5.0,110.0,1.0,114.0,1.0,109.25,3.0,114.97,5.0,109.0,1.0,115.0,1.0,108.0,1.0,115.9,2.0,105.55,10.0,116.0,1.0,103.0,1.0,116.9,2.0,52.0,1.0,117.0,1.0
362,Germany_Baseload#19#0#10000106,2021-10-29 07:40:27.323000,112.0,3.0,112.5,5.0,111.35,5.0,112.55,2.0,111.0,1.0,113.15,5.0,110.0,1.0,114.0,1.0,109.25,3.0,114.97,5.0,109.0,1.0,115.0,1.0,108.0,1.0,115.9,2.0,105.55,10.0,116.0,1.0,103.0,1.0,116.9,2.0,52.0,1.0,117.0,1.0
363,Germany_Baseload#19#0#10000106,2021-10-29 07:40:29.895000,112.0,3.0,112.5,5.0,111.35,5.0,112.55,2.0,111.0,1.0,113.15,5.0,110.0,1.0,114.0,1.0,109.25,3.0,115.0,1.0,109.0,1.0,115.9,2.0,108.0,1.0,116.0,1.0,105.55,10.0,116.9,2.0,103.0,1.0,117.0,1.0,52.0,1.0,118.0,1.0
364,Germany_Baseload#19#0#10000106,2021-10-29 07:40:29.986000,112.0,3.0,112.5,5.0,111.35,5.0,112.55,2.0,111.0,1.0,113.15,5.0,110.0,1.0,114.0,1.0,109.25,3.0,115.0,1.0,109.0,1.0,115.9,2.0,108.0,1.0,116.0,1.0,105.55,10.0,116.68,5.0,103.0,1.0,116.9,2.0,52.0,1.0,117.0,1.0
365,Germany_Baseload#19#0#10000106,2021-10-29 07:40:30.183000,112.0,3.0,112.5,5.0,111.35,5.0,112.55,2.0,111.0,1.0,113.15,5.0,110.0,1.0,114.0,1.0,109.25,3.0,115.0,1.0,109.0,1.0,115.9,2.0,108.0,1.0,116.0,1.0,105.55,10.0,116.68,5.0,103.0,1.0,116.9,2.0,52.0,1.0,117.0,1.0
366,Germany_Baseload#19#0#10000106,2021-10-29 07:40:32.311000,112.0,3.0,112.5,5.0,111.35,5.0,112.55,2.0,111.0,1.0,113.15,5.0,110.0,1.0,114.0,1.0,109.25,3.0,115.0,1.0,109.0,1.0,115.9,2.0,108.0,1.0,116.0,1.0,105.55,10.0,116.68,5.0,103.0,1.0,116.9,2.0,52.0,1.0,117.0,1.0
367,Germany_Baseload#19#0#10000106,2021-10-29 07:40:40.599000,112.0,3.0,112.5,5.0,111.35,5.0,112.55,2.0,111.0,1.0,113.15,5.0,110.0,1.0,114.0,1.0,109.25,3.0,114.99,5.0,109.0,1.0,115.0,1.0,108.0,1.0,115.9,2.0,105.55,10.0,116.0,1.0,103.0,1.0,116.68,5.0,52.0,1.0,116.9,2.0
368,Germany_Baseload#19#0#10000106,2021-10-29 07:40:40.600000,112.0,3.0,112.5,5.0,111.35,5.0,112.55,2.0,111.0,1.0,113.15,5.0,110.0,1.0,114.0,1.0,109.25,3.0,114.99,5.0,109.0,1.0,115.0,1.0,108.0,1.0,115.9,2.0,105.55,10.0,116.0,1.0,103.0,1.0,116.9,2.0,52.0,1.0,117.0,1.0
369,Germany_Baseload#19#0#10000106,2021-10-29 07:40:54.222000,112.25,1.0,112.5,5.0,112.0,3.0,112.55,2.0,111.35,5.0,113.15,5.0,111.0,1.0,114.0,1.0,110.0,1.0,114.99,5.0,109.25,3.0,115.0,1.0,109.0,1.0,115.9,2.0,108.0,1.0,116.0,1.0,105.55,10.0,116.9,2.0,103.0,1.0,117.0,1.0
370,Germany_Baseload#19#0#10000106,2021-10-29 07:40:54.244000,112.25,1.0,112.5,5.0,112.0,3.0,112.55,2.0,111.48,5.0,113.28,5.0,111.0,1.0,114.0,1.0,110.0,1.0,114.99,5.0,109.25,3.0,115.0,1.0,109.0,1.0,115.9,2.0,108.0,1.0,116.0,1.0,105.55,10.0,116.9,2.0,103.0,1.0,117.0,1.0
371,Germany_Baseload#19#0#10000106,2021-10-29 07:40:54.348000,112.25,1.0,112.5,5.0,112.0,3.0,112.55,2.0,111.5,1.0,113.28,5.0,111.48,5.0,114.0,1.0,111.0,1.0,114.99,5.0,110.0,1.0,115.0,1.0,109.25,3.0,115.9,2.0,109.0,1.0,116.0,1.0,108.0,1.0,116.9,2.0,105.55,10.0,117.0,1.0
372,Germany_Baseload#19#0#10000106,2021-10-29 07:41:19.381000,112.25,1.0,112.5,5.0,112.0,3.0,112.55,2.0,111.5,1.0,113.28,5.0,111.48,5.0,114.0,1.0,111.0,1.0,114.99,5.0,110.0,1.0,115.0,1.0,109.25,3.0,115.9,2.0,109.0,1.0,116.0,1.0,108.0,1.0,116.9,2.0,105.55,10.0,117.0,1.0
373,Germany_Baseload#19#0#10000106,2021-10-29 07:41:19.590000,112.25,1.0,112.5,5.0,112.0,3.0,112.55,2.0,111.5,1.0,113.28,5.0,111.48,5.0,114.0,1.0,111.0,1.0,115.0,1.0,110.0,1.0,115.9,2.0,109.25,3.0,116.0,1.0,109.0,1.0,116.9,2.0,108.0,1.0,117.0,1.0,105.55,10.0,118.0,1.0
374,Germany_Baseload#19#0#10000106,2021-10-29 07:41:19.684000,112.25,1.0,112.5,5.0,112.0,3.0,112.55,2.0,111.5,1.0,113.28,5.0,111.48,5.0,114.0,1.0,111.0,1.0,115.0,1.0,110.0,1.0,115.9,2.0,109.25,3.0,116.0,1.0,109.0,1.0,116.66,1.0,108.0,1.0,116.9,2.0,105.55,10.0,117.0,1.0
375,Germany_Baseload#19#0#10000106,2021-10-29 07:41:38.648000,112.3,1.0,112.5,5.0,112.0,3.0,112.55,2.0,111.5,1.0,113.28,5.0,111.48,5.0,114.0,1.0,111.0,1.0,115.0,1.0,110.0,1.0,115.9,2.0,109.25,3.0,116.0,1.0,109.0,1.0,116.66,1.0,108.0,1.0,116.9,2.0,105.55,10.0,117.0,1.0
376,Germany_Baseload#19#0#10000106,2021-10-29 07:41:38.672000,112.3,1.0,112.5,5.0,112.0,3.0,112.55,2.0,111.5,6.0,113.28,5.0,111.0,1.0,114.0,1.0,110.0,1.0,115.0,1.0,109.25,3.0,115.9,2.0,109.0,1.0,116.0,1.0,108.0,1.0,116.66,1.0,105.55,10.0,116.9,2.0,103.0,1.0,117.0,1.0
377,Germany_Baseload#19#0#10000106,2021-10-29 07:41:38.673000,112.3,1.0,112.5,5.0,112.0,3.0,112.55,2.0,111.5,6.0,113.3,5.0,111.0,1.0,114.0,1.0,110.0,1.0,115.0,1.0,109.25,3.0,115.9,2.0,109.0,1.0,116.0,1.0,108.0,1.0,116.66,1.0,105.55,10.0,116.9,2.0,103.0,1.0,117.0,1.0
378,Germany_Baseload#19#0#10000106,2021-10-29 07:41:41.216000,112.3,1.0,112.5,1.0,112.0,3.0,112.55,2.0,111.5,6.0,113.3,5.0,111.0,1.0,114.0,1.0,110.0,1.0,115.0,1.0,109.25,3.0,115.9,2.0,109.0,1.0,116.0,1.0,108.0,1.0,116.66,1.0,105.55,10.0,116.9,2.0,103.0,1.0,117.0,1.0
379,Germany_Baseload#19#0#10000106,2021-10-29 07:41:42.856000,112.3,1.0,112.5,1.0,112.0,3.0,112.55,2.0,111.5,6.0,113.3,5.0,111.0,1.0,114.0,1.0,110.0,1.0,115.0,1.0,109.25,3.0,115.9,2.0,109.0,1.0,116.0,1.0,108.0,1.0,116.66,1.0,105.55,10.0,116.9,2.0,103.0,1.0,117.0,1.0
380,Germany_Baseload#19#0#10000106,2021-10-29 07:41:43.098000,112.3,1.0,112.55,2.0,112.0,3.0,113.3,5.0,111.5,6.0,114.0,1.0,111.0,1.0,115.0,1.0,110.0,1.0,115.9,2.0,109.25,3.0,116.0,1.0,109.0,1.0,116.66,1.0,108.0,1.0,116.9,2.0,105.55,10.0,117.0,1.0,103.0,1.0,118.0,1.0
381,Germany_Baseload#19#0#10000106,2021-10-29 07:41:43.111000,112.3,1.0,112.55,2.0,112.0,3.0,113.3,5.0,111.53,5.0,114.0,1.0,111.5,1.0,115.0,1.0,111.0,1.0,115.9,2.0,110.0,1.0,116.0,1.0,109.25,3.0,116.66,1.0,109.0,1.0,116.9,2.0,108.0,1.0,117.0,1.0,105.55,10.0,118.0,1.0
382,Germany_Baseload#19#0#10000106,2021-10-29 07:41:43.112000,112.3,1.0,112.55,2.0,112.0,3.0,113.33,5.0,111.53,5.0,114.0,1.0,111.5,1.0,115.0,1.0,111.0,1.0,115.9,2.0,110.0,1.0,116.0,1.0,109.25,3.0,116.66,1.0,109.0,1.0,116.9,2.0,108.0,1.0,117.0,1.0,105.55,10.0,118.0,1.0
383,Germany_Baseload#19#0#10000106,2021-10-29 07:41:46.232000,112.3,1.0,113.33,5.0,112.0,3.0,114.0,1.0,111.53,5.0,115.0,1.0,111.5,1.0,115.9,2.0,111.0,1.0,116.0,1.0,110.0,1.0,116.66,1.0,109.25,3.0,116.9,2.0,109.0,1.0,117.0,1.0,108.0,1.0,118.0,1.0,105.55,10.0,118.4,5.0
384,Germany_Baseload#19#0#10000106,2021-10-29 07:41:46.257000,112.3,1.0,113.33,5.0,112.0,3.0,114.0,1.0,111.92,5.0,115.0,1.0,111.53,5.0,115.9,2.0,111.5,1.0,116.0,1.0,111.0,1.0,116.66,1.0,110.0,1.0,116.9,2.0,109.25,3.0,117.0,1.0,109.0,1.0,118.0,1.0,108.0,1.0,118.4,5.0
385,Germany_Baseload#19#0#10000106,2021-10-29 07:41:46.258000,112.3,1.0,113.72,5.0,112.0,3.0,114.0,1.0,111.92,5.0,115.0,1.0,111.5,1.0,115.9,2.0,111.0,1.0,116.0,1.0,110.0,1.0,116.66,1.0,109.25,3.0,116.9,2.0,109.0,1.0,117.0,1.0,108.0,1.0,118.0,1.0,105.55,10.0,118.4,5.0
386,Germany_Baseload#19#0#10000106,2021-10-29 07:41:46.302000,112.3,1.0,113.91,5.0,112.11,5.0,114.0,1.0,112.0,3.0,115.0,1.0,111.5,1.0,115.9,2.0,111.0,1.0,116.0,1.0,110.0,1.0,116.66,1.0,109.25,3.0,116.9,2.0,109.0,1.0,117.0,1.0,108.0,1.0,118.0,1.0,105.55,10.0,118.4,5.0
387,Germany_Baseload#19#0#10000106,2021-10-29 07:41:46.336000,112.3,1.0,113.91,5.0,112.21,5.0,114.0,1.0,112.0,3.0,114.01,5.0,111.5,1.0,115.0,1.0,111.0,1.0,115.9,2.0,110.0,1.0,116.0,1.0,109.25,3.0,116.66,1.0,109.0,1.0,116.9,2.0,108.0,1.0,117.0,1.0,105.55,10.0,118.0,1.0
388,Germany_Baseload#19#0#10000106,2021-10-29 07:41:46.337000,112.3,1.0,114.0,1.0,112.21,5.0,114.01,5.0,112.0,3.0,115.0,1.0,111.5,1.0,115.9,2.0,111.0,1.0,116.0,1.0,110.0,1.0,116.66,1.0,109.25,3.0,116.9,2.0,109.0,1.0,117.0,1.0,108.0,1.0,118.0,1.0,105.55,10.0,118.4,5.0
389,Germany_Baseload#19#0#10000106,2021-10-29 07:41:46.352000,112.3,1.0,113.7,1.0,112.21,5.0,114.0,1.0,112.0,3.0,114.01,5.0,111.5,1.0,115.0,1.0,111.0,1.0,115.9,2.0,110.0,1.0,116.0,1.0,109.25,3.0,116.66,1.0,109.0,1.0,116.9,2.0,108.0,1.0,117.0,1.0,105.55,10.0,118.0,1.0
390,Germany_Baseload#19#0#10000106,2021-10-29 07:41:46.354000,112.3,1.0,113.7,1.0,112.25,5.0,114.0,1.0,112.21,5.0,114.01,5.0,112.0,3.0,115.0,1.0,111.5,1.0,115.9,2.0,111.0,1.0,116.0,1.0,110.0,1.0,116.66,1.0,109.25,3.0,116.9,2.0,109.0,1.0,117.0,1.0,108.0,1.0,118.0,1.0
391,Germany_Baseload#19#0#10000106,2021-10-29 07:41:46.355000,112.3,1.0,113.7,1.0,112.25,5.0,114.0,1.0,112.0,3.0,114.05,5.0,111.5,1.0,115.0,1.0,111.0,1.0,115.9,2.0,110.0,1.0,116.0,1.0,109.25,3.0,116.66,1.0,109.0,1.0,116.9,2.0,108.0,1.0,117.0,1.0,105.55,10.0,118.0,1.0
392,Germany_Baseload#19#0#10000106,2021-10-29 07:41:46.372000,112.3,1.0,113.7,1.0,112.25,5.0,114.0,1.0,112.1,5.0,114.05,5.0,112.0,3.0,115.0,1.0,111.5,1.0,115.9,2.0,111.0,1.0,116.0,1.0,110.0,1.0,116.66,1.0,109.25,3.0,116.9,2.0,109.0,1.0,117.0,1.0,108.0,1.0,118.0,1.0
393,Germany_Baseload#19#0#10000106,2021-10-29 07:41:46.373000,112.3,1.0,113.7,1.0,112.1,5.0,113.9,5.0,112.0,3.0,114.0,1.0,111.5,1.0,115.0,1.0,111.0,1.0,115.9,2.0,110.0,1.0,116.0,1.0,109.25,3.0,116.66,1.0,109.0,1.0,116.9,2.0,108.0,1.0,117.0,1.0,105.55,10.0,118.0,1.0
394,Germany_Baseload#19#0#10000106,2021-10-29 07:41:46.450000,112.3,1.0,113.9,5.0,112.1,5.0,114.0,2.0,112.0,3.0,115.0,1.0,111.5,1.0,115.9,2.0,111.0,1.0,116.0,1.0,110.0,1.0,116.66,1.0,109.25,3.0,116.9,2.0,109.0,1.0,117.0,1.0,108.0,1.0,118.0,1.0,105.55,10.0,118.4,5.0
395,Germany_Baseload#19#0#10000106,2021-10-29 07:41:46.476000,112.3,1.0,113.9,5.0,112.2,5.0,114.0,2.0,112.1,5.0,115.0,1.0,112.0,3.0,115.9,2.0,111.5,1.0,116.0,1.0,111.0,1.0,116.66,1.0,110.0,1.0,116.9,2.0,109.25,3.0,117.0,1.0,109.0,1.0,118.0,1.0,108.0,1.0,118.4,5.0
396,Germany_Baseload#19#0#10000106,2021-10-29 07:41:46.477000,112.3,1.0,114.0,7.0,112.2,5.0,115.0,1.0,112.0,3.0,115.9,2.0,111.5,1.0,116.0,1.0,111.0,1.0,116.66,1.0,110.0,1.0,116.9,2.0,109.25,3.0,117.0,1.0,109.0,1.0,118.0,1.0,108.0,1.0,118.4,5.0,105.55,10.0,120.0,1.0
397,Germany_Baseload#19#0#10000106,2021-10-29 07:41:46.627000,112.3,1.0,113.9,1.0,112.2,5.0,114.0,7.0,112.0,3.0,115.0,1.0,111.5,1.0,115.9,2.0,111.0,1.0,116.0,1.0,110.0,1.0,116.66,1.0,109.25,3.0,116.9,2.0,109.0,1.0,117.0,1.0,108.0,1.0,118.0,1.0,105.55,10.0,118.4,5.0
398,Germany_Baseload#19#0#10000106,2021-10-29 07:41:46.644000,112.3,1.0,113.9,1.0,112.2,5.0,114.0,6.0,112.0,3.0,115.0,1.0,111.5,1.0,115.9,2.0,111.0,1.0,116.0,1.0,110.0,1.0,116.66,1.0,109.25,3.0,116.9,2.0,109.0,1.0,117.0,1.0,108.0,1.0,118.0,1.0,105.55,10.0,118.4,5.0
399,Germany_Baseload#19#0#10000106,2021-10-29 07:41:48.591000,112.3,1.0,113.9,1.0,112.2,5.0,114.0,6.0,112.0,3.0,114.95,1.0,111.5,1.0,115.0,1.0,111.0,1.0,115.9,2.0,110.0,1.0,116.0,1.0,109.25,3.0,116.66,1.0,109.0,1.0,116.9,2.0,108.0,1.0,117.0,1.0,105.55,10.0,118.0,1.0
400,Germany_Baseload#19#0#10000106,2021-10-29 07:41:48.592000,112.3,1.0,113.9,1.0,112.2,5.0,114.0,6.0,112.0,3.0,114.95,1.0,111.5,1.0,115.0,1.0,111.0,1.0,115.9,2.0,110.0,1.0,116.0,1.0,109.25,3.0,116.9,2.0,109.0,1.0,117.0,1.0,108.0,1.0,118.0,1.0,105.55,10.0,118.4,5.0
401,Germany_Baseload#19#0#10000106,2021-10-29 07:41:51.869000,112.3,1.0,113.9,1.0,112.2,5.0,114.0,6.0,112.0,2.0,114.95,1.0,111.5,1.0,115.0,1.0,111.0,1.0,115.9,2.0,110.0,1.0,116.0,1.0,109.25,3.0,116.9,2.0,109.0,1.0,117.0,1.0,108.0,1.0,118.0,1.0,105.55,10.0,118.4,5.0
402,Germany_Baseload#19#0#10000106,2021-10-29 07:41:51.872000,112.3,1.0,113.9,1.0,112.2,5.0,114.0,5.0,112.0,2.0,114.95,1.0,111.5,1.0,115.0,1.0,111.0,1.0,115.9,2.0,110.0,1.0,116.0,1.0,109.25,3.0,116.9,2.0,109.0,1.0,117.0,1.0,108.0,1.0,118.0,1.0,105.55,10.0,118.4,5.0
403,Germany_Baseload#19#0#10000106,2021-10-29 07:41:56.472000,112.3,1.0,113.98,1.0,112.2,5.0,114.0,5.0,112.0,2.0,114.95,1.0,111.5,1.0,115.0,1.0,111.0,1.0,115.9,2.0,110.0,1.0,116.0,1.0,109.25,3.0,116.9,2.0,109.0,1.0,117.0,1.0,108.0,1.0,118.0,1.0,105.55,10.0,118.4,5.0
404,Germany_Baseload#19#0#10000106,2021-10-29 07:41:56.495000,112.3,1.0,113.98,1.0,112.24,5.0,114.04,5.0,112.0,2.0,114.95,1.0,111.5,1.0,115.0,1.0,111.0,1.0,115.9,2.0,110.0,1.0,116.0,1.0,109.25,3.0,116.9,2.0,109.0,1.0,117.0,1.0,108.0,1.0,118.0,1.0,105.55,10.0,118.4,5.0
405,Germany_Baseload#19#0#10000106,2021-10-29 07:41:56.651000,112.3,1.0,114.0,1.0,112.24,5.0,114.04,5.0,112.0,2.0,114.95,1.0,111.5,1.0,115.0,1.0,111.0,1.0,115.9,2.0,110.0,1.0,116.0,1.0,109.25,3.0,116.9,2.0,109.0,1.0,117.0,1.0,108.0,1.0,118.0,1.0,105.55,10.0,118.4,5.0
406,Germany_Baseload#19#0#10000106,2021-10-29 07:41:56.663000,112.3,1.0,114.0,1.0,112.25,5.0,114.05,5.0,112.0,2.0,114.95,1.0,111.5,1.0,115.0,1.0,111.0,1.0,115.9,2.0,110.0,1.0,116.0,1.0,109.25,3.0,116.9,2.0,109.0,1.0,117.0,1.0,108.0,1.0,118.0,1.0,105.55,10.0,118.4,5.0
407,Germany_Baseload#19#0#10000106,2021-10-29 07:42:00.395000,112.3,1.0,114.0,1.0,112.25,5.0,114.05,5.0,112.0,2.0,114.95,1.0,111.5,1.0,115.0,1.0,111.0,1.0,115.9,2.0,110.0,1.0,116.0,1.0,109.25,3.0,116.9,2.0,109.0,1.0,117.0,1.0,108.0,1.0,118.0,1.0,105.55,10.0,120.0,1.0
408,Germany_Baseload#19#0#10000106,2021-10-29 07:42:00.984000,112.3,1.0,114.0,1.0,112.25,5.0,114.05,5.0,112.0,2.0,115.0,1.0,111.5,1.0,115.9,2.0,111.0,1.0,116.0,1.0,110.0,1.0,116.9,2.0,109.25,3.0,117.0,1.0,109.0,1.0,118.0,1.0,108.0,1.0,120.0,1.0,105.55,10.0,,
409,Germany_Baseload#19#0#10000106,2021-10-29 07:42:01.072000,112.3,1.0,114.0,1.0,112.25,5.0,114.05,5.0,112.0,2.0,115.0,1.0,111.5,1.0,115.9,2.0,111.0,1.0,116.0,1.0,110.0,1.0,116.65,2.0,109.25,3.0,116.9,2.0,109.0,1.0,117.0,1.0,108.0,1.0,118.0,1.0,105.55,10.0,120.0,1.0
410,Germany_Baseload#19#0#10000106,2021-10-29 07:42:06.180000,112.3,1.0,114.0,2.0,112.25,5.0,114.05,5.0,112.0,2.0,115.0,1.0,111.5,1.0,115.9,2.0,111.0,1.0,116.0,1.0,110.0,1.0,116.65,2.0,109.25,3.0,116.9,2.0,109.0,1.0,117.0,1.0,108.0,1.0,118.0,1.0,105.55,10.0,120.0,1.0
411,Germany_Baseload#19#0#10000106,2021-10-29 07:42:09.790000,112.3,1.0,114.0,2.0,112.25,5.0,114.05,5.0,112.0,2.0,115.0,1.0,111.5,1.0,115.9,2.0,111.0,1.0,116.0,1.0,110.0,1.0,116.65,2.0,109.25,3.0,116.9,2.0,109.0,1.0,117.0,1.0,108.0,1.0,118.0,1.0,105.55,10.0,118.4,5.0
