,key,Datetime,BidPrice_0,BidVolume_0,AskPrice_0,AskVolume_0,BidPrice_1,BidVolume_1,AskPrice_1,AskVolume_1,BidPrice_2,BidVolume_2,AskPrice_2,AskVolume_2,BidPrice_3,BidVolume_3,AskPrice_3,AskVolume_3,BidPrice_4,BidVolume_4,AskPrice_4,AskVolume_4,BidPrice_5,BidVolume_5,AskPrice_5,AskVolume_5,BidPrice_6,BidVolume_6,AskPrice_6,AskVolume_6,BidPrice_7,BidVolume_7,AskPrice_7,AskVolume_7,BidPrice_8,BidVolume_8,AskPrice_8,AskVolume_8,BidPrice_9,BidVolume_9,AskPrice_9,AskVolume_9
0,Germany_Baseload#19#0#10000106,2021-10-22 06:00:01.760000,115.0,2.0,,,109.0,2.0,,,52.0,1.0,,,48.0,3.0,,,,,,,,,,,,,,,,,,,,,,,,,,
1,Germany_Baseload#19#0#10000106,2021-10-22 06:00:01.761000,115.0,2.0,125.2,5.0,109.0,2.0,126.9,5.0,52.0,1.0,,,48.0,3.0,,,,,,,,,,,,,,,,,,,,,,,,,,
2,Germany_Baseload#19#0#10000106,2021-10-22 06:00:19.993000,117.0,1.0,125.2,5.0,115.0,2.0,126.9,5.0,109.0,2.0,,,52.0,1.0,,,48.0,3.0,,,,,,,,,,,,,,,,,,,,,,
3,Germany_Baseload#19#0#10000106,2021-10-22 06:00:45.055000,115.0,2.0,125.2,5.0,109.0,2.0,126.9,5.0,52.0,1.0,,,48.0,3.0,,,,,,,,,,,,,,,,,,,,,,,,,,
4,Germany_Baseload#19#0#10000106,2021-10-22 06:00:45.196000,117.0,1.0,125.2,5.0,115.0,2.0,126.9,5.0,109.0,2.0,,,52.0,1.0,,,48.0,3.0,,,,,,,,,,,,,,,,,,,,,,
5,Germany_Baseload#19#0#10000106,2021-10-22 06:01:10.280000,117.0,1.0,123.0,2.0,115.0,2.0,125.2,5.0,109.0,2.0,126.9,5.0,52.0,1.0,,,48.0,3.0,,,,,,,,,,,,,,,,,,,,,,
6,Germany_Baseload#19#0#10000106,2021-10-22 06:02:10.052000,118.0,5.0,123.0,2.0,117.0,1.0,125.2,5.0,115.0,2.0,126.9,5.0,109.0,2.0,,,52.0,1.0,,,48.0,3.0,,,,,,,,,,,,,,,,,,
7,Germany_Baseload#19#0#10000106,2021-10-22 06:02:45.870000,118.0,5.0,121.5,1.0,117.0,1.0,125.2,5.0,115.0,2.0,126.9,5.0,109.0,2.0,,,52.0,1.0,,,48.0,3.0,,,,,,,,,,,,,,,,,,
8,Germany_Baseload#19#0#10000106,2021-10-22 06:03:12.738000,118.0,5.0,122.0,1.0,117.0,1.0,125.2,5.0,115.0,2.0,126.9,5.0,109.0,2.0,,,52.0,1.0,,,48.0,3.0,,,,,,,,,,,,,,,,,,
9,Germany_Baseload#19#0#10000106,2021-10-22 06:03:53.125000,118.0,5.0,123.0,2.0,117.0,1.0,125.2,5.0,115.0,2.0,126.9,5.0,109.0,2.0,,,52.0,1.0,,,48.0,3.0,,,,,,,,,,,,,,,,,,
10,Germany_Baseload#19#0#10000106,2021-10-22 06:04:25.340000,118.0,5.0,124.0,2.0,117.0,1.0,125.2,5.0,115.0,2.0,126.9,5.0,109.0,2.0,,,52.0,1.0,,,48.0,3.0,,,,,,,,,,,,,,,,,,
11,Germany_Baseload#19#0#10000106,2021-10-22 06:04:26.007000,118.0,5.0,122.0,1.0,117.0,1.0,124.0,2.0,115.0,2.0,125.2,5.0,109.0,2.0,126.9,5.0,52.0,1.0,,,48.0,3.0,,,,,,,,,,,,,,,,,,
12,Germany_Baseload#19#0#10000106,2021-10-22 06:04:32.139000,118.0,5.0,122.0,1.0,117.0,1.0,123.0,2.0,115.0,2.0,125.2,5.0,109.0,2.0,126.9,5.0,52.0,1.0,,,48.0,3.0,,,,,,,,,,,,,,,,,,
13,Germany_Baseload#19#0#10000106,2021-10-22 06:04:53.682000,118.0,5.0,122.0,2.0,117.0,1.0,123.0,2.0,115.0,2.0,125.2,5.0,109.0,2.0,126.9,5.0,52.0,1.0,,,48.0,3.0,,,,,,,,,,,,,,,,,,
14,Germany_Baseload#19#0#10000106,2021-10-22 06:04:59.481000,118.0,5.0,121.5,2.0,117.0,1.0,122.0,2.0,115.0,2.0,125.2,5.0,109.0,2.0,126.9,5.0,52.0,1.0,,,48.0,3.0,,,,,,,,,,,,,,,,,,
15,Germany_Baseload#19#0#10000106,2021-10-22 06:05:13.772000,118.0,5.0,121.5,2.0,117.0,1.0,122.0,2.0,115.0,2.0,125.2,5.0,109.0,2.0,126.9,5.0,52.0,1.0,,,48.0,3.0,,,,,,,,,,,,,,,,,,
16,Germany_Baseload#19#0#10000106,2021-10-22 06:05:27.052000,118.0,5.0,122.0,4.0,117.0,1.0,123.0,2.0,115.0,2.0,125.2,5.0,109.0,2.0,126.9,5.0,52.0,1.0,,,48.0,3.0,,,,,,,,,,,,,,,,,,
17,Germany_Baseload#19#0#10000106,2021-10-22 06:06:40.093000,118.0,7.0,122.0,4.0,117.0,1.0,123.0,2.0,109.0,2.0,125.2,5.0,52.0,1.0,126.9,5.0,48.0,3.0,,,,,,,,,,,,,,,,,,,,,,
18,Germany_Baseload#19#0#10000106,2021-10-22 06:08:47.587000,118.5,2.0,122.0,4.0,118.0,7.0,123.0,2.0,117.0,1.0,125.2,5.0,109.0,2.0,126.9,5.0,52.0,1.0,,,48.0,3.0,,,,,,,,,,,,,,,,,,
19,Germany_Baseload#19#0#10000106,2021-10-22 06:09:03.099000,119.0,1.0,122.0,4.0,118.5,2.0,123.0,2.0,118.0,7.0,125.2,5.0,109.0,2.0,126.9,5.0,52.0,1.0,,,48.0,3.0,,,,,,,,,,,,,,,,,,
20,Germany_Baseload#19#0#10000106,2021-10-22 06:11:33.070000,119.0,1.0,122.0,4.0,118.5,2.0,123.0,2.0,118.0,7.0,125.2,5.0,109.0,2.0,126.76,1.0,52.0,1.0,126.9,5.0,48.0,3.0,,,,,,,,,,,,,,,,,,
21,Germany_Baseload#19#0#10000106,2021-10-22 06:12:29.166000,119.25,1.0,122.0,4.0,119.0,1.0,123.0,2.0,118.5,2.0,125.2,5.0,118.0,7.0,126.76,1.0,109.0,2.0,126.9,5.0,52.0,1.0,,,48.0,3.0,,,,,,,,,,,,,,
22,Germany_Baseload#19#0#10000106,2021-10-22 06:14:31.358000,119.25,2.0,122.0,4.0,119.0,1.0,123.0,2.0,118.5,2.0,125.2,5.0,118.0,7.0,126.76,1.0,109.0,2.0,126.9,5.0,52.0,1.0,,,48.0,3.0,,,,,,,,,,,,,,
23,Germany_Baseload#19#0#10000106,2021-10-22 06:15:16.327000,119.25,3.0,122.0,4.0,119.0,1.0,123.0,2.0,118.5,2.0,125.2,5.0,118.0,7.0,126.76,1.0,109.0,2.0,126.9,5.0,52.0,1.0,,,48.0,3.0,,,,,,,,,,,,,,
24,Germany_Baseload#19#0#10000106,2021-10-22 06:15:34.651000,119.3,2.0,122.0,4.0,119.25,3.0,123.0,2.0,119.0,1.0,125.2,5.0,118.5,2.0,126.76,1.0,118.0,5.0,126.9,5.0,109.0,2.0,,,52.0,1.0,,,48.0,3.0,,,,,,,,,,
25,Germany_Baseload#19#0#10000106,2021-10-22 06:15:55.731000,119.5,1.0,122.0,4.0,119.3,2.0,123.0,2.0,119.25,3.0,125.2,5.0,119.0,1.0,126.76,1.0,118.5,2.0,126.9,5.0,118.0,5.0,,,109.0,2.0,,,52.0,1.0,,,48.0,3.0,,,,,,
26,Germany_Baseload#19#0#10000106,2021-10-22 06:18:11.275000,119.5,1.0,122.0,4.0,119.3,2.0,123.0,2.0,119.25,3.0,125.2,5.0,119.0,1.0,126.76,1.0,118.5,2.0,126.9,5.0,118.0,5.0,,,109.0,2.0,,,108.0,1.0,,,52.0,1.0,,,48.0,3.0,,
27,Germany_Baseload#19#0#10000106,2021-10-22 06:18:56.111000,119.5,3.0,122.0,4.0,119.3,2.0,123.0,2.0,119.25,3.0,125.2,5.0,119.0,1.0,126.76,1.0,118.0,5.0,126.9,5.0,109.0,2.0,,,108.0,1.0,,,52.0,1.0,,,48.0,3.0,,,,,,
28,Germany_Baseload#19#0#10000106,2021-10-22 06:24:36.390000,119.75,1.0,122.0,4.0,119.5,3.0,123.0,2.0,119.3,2.0,125.2,5.0,119.25,3.0,126.76,1.0,118.0,5.0,126.9,5.0,109.0,2.0,,,108.0,1.0,,,52.0,1.0,,,48.0,3.0,,,,,,
29,Germany_Baseload#19#0#10000106,2021-10-22 06:27:05.204000,119.75,1.0,122.0,4.0,119.5,3.0,123.0,2.0,119.3,2.0,125.2,5.0,119.25,3.0,126.76,1.0,118.0,5.0,126.9,5.0,109.0,2.0,128.0,1.0,108.0,1.0,,,52.0,1.0,,,48.0,3.0,,,,,,
30,Germany_Baseload#19#0#10000106,2021-10-22 06:27:57.389000,119.75,1.0,122.0,4.0,119.5,3.0,123.0,2.0,119.3,2.0,125.2,5.0,119.25,2.0,126.76,1.0,118.0,5.0,126.9,5.0,109.0,2.0,128.0,1.0,108.0,1.0,,,52.0,1.0,,,48.0,3.0,,,,,,
31,Germany_Baseload#19#0#10000106,2021-10-22 06:42:51.247000,119.75,1.0,122.0,4.0,119.5,3.0,123.0,2.0,119.3,2.0,125.2,5.0,119.25,1.0,126.76,1.0,118.0,5.0,126.9,5.0,109.0,2.0,128.0,1.0,108.0,1.0,,,52.0,1.0,,,48.0,3.0,,,,,,
32,Germany_Baseload#19#0#10000106,2021-10-22 06:46:15.867000,119.75,1.0,122.0,4.0,119.5,3.0,123.0,2.0,119.3,2.0,125.2,5.0,119.25,1.0,126.76,1.0,118.0,5.0,126.9,5.0,109.0,2.0,127.2,1.0,108.0,1.0,128.0,1.0,52.0,1.0,,,48.0,3.0,,,,,,
33,Germany_Baseload#19#0#10000106,2021-10-22 06:46:28.118000,119.75,1.0,122.0,1.0,119.5,3.0,123.0,2.0,119.3,2.0,125.2,5.0,119.25,1.0,126.76,1.0,118.0,5.0,126.9,5.0,109.0,2.0,127.2,1.0,108.0,1.0,128.0,1.0,52.0,1.0,,,48.0,3.0,,,,,,
34,Germany_Baseload#19#0#10000106,2021-10-22 06:47:53.519000,119.75,1.0,122.0,1.0,119.5,3.0,123.0,2.0,119.3,2.0,125.2,5.0,119.25,1.0,126.76,1.0,118.0,5.0,126.9,5.0,109.0,2.0,127.2,1.0,108.0,1.0,128.0,1.0,52.0,1.0,,,48.0,3.0,,,,,,
35,Germany_Baseload#19#0#10000106,2021-10-22 06:47:53.694000,120.0,2.0,122.0,1.0,119.75,1.0,123.0,2.0,119.5,3.0,125.2,5.0,119.3,2.0,126.76,1.0,119.25,1.0,126.9,5.0,118.0,5.0,127.2,1.0,109.0,2.0,128.0,1.0,108.0,1.0,,,52.0,1.0,,,48.0,3.0,,
36,Germany_Baseload#19#0#10000106,2021-10-22 06:48:33.595000,120.0,3.0,122.0,1.0,119.75,1.0,123.0,2.0,119.5,3.0,125.2,5.0,119.3,2.0,126.76,1.0,119.25,1.0,126.9,5.0,118.0,5.0,127.2,1.0,109.0,2.0,128.0,1.0,108.0,1.0,,,52.0,1.0,,,48.0,3.0,,
37,Germany_Baseload#19#0#10000106,2021-10-22 06:48:49.478000,120.5,1.0,122.0,1.0,120.0,3.0,123.0,2.0,119.75,1.0,125.2,5.0,119.5,3.0,126.76,1.0,119.3,2.0,126.9,5.0,119.25,1.0,127.2,1.0,118.0,5.0,128.0,1.0,109.0,2.0,,,108.0,1.0,,,52.0,1.0,,
38,Germany_Baseload#19#0#10000106,2021-10-22 06:49:28.049000,120.5,1.0,122.0,1.0,120.0,2.0,123.0,2.0,119.75,1.0,125.2,5.0,119.5,3.0,126.76,1.0,119.3,2.0,126.9,5.0,119.25,1.0,127.2,1.0,118.0,5.0,128.0,1.0,109.0,2.0,,,108.0,1.0,,,52.0,1.0,,
39,Germany_Baseload#19#0#10000106,2021-10-22 06:49:28.173000,120.5,1.0,122.0,1.0,120.0,1.0,123.0,2.0,119.75,1.0,125.2,5.0,119.5,3.0,126.76,1.0,119.3,2.0,126.9,5.0,119.25,1.0,127.2,1.0,118.0,5.0,128.0,1.0,109.0,2.0,,,108.0,1.0,,,52.0,1.0,,
40,Germany_Baseload#19#0#10000106,2021-10-22 06:49:33.641000,120.5,1.0,122.0,1.0,120.0,1.0,123.0,2.0,119.75,1.0,125.2,5.0,119.5,2.0,126.76,1.0,119.3,2.0,126.9,5.0,119.25,1.0,127.2,1.0,118.0,5.0,128.0,1.0,109.0,2.0,,,108.0,1.0,,,52.0,1.0,,
41,Germany_Baseload#19#0#10000106,2021-10-22 06:50:39.938000,120.5,1.0,122.0,1.0,120.0,1.0,123.0,2.0,119.75,1.0,125.2,5.0,119.5,2.0,126.76,1.0,119.3,2.0,126.9,5.0,119.25,1.0,127.2,1.0,118.0,5.0,128.0,1.0,109.0,2.0,,,108.0,1.0,,,52.0,1.0,,
42,Germany_Baseload#19#0#10000106,2021-10-22 06:51:23.540000,120.5,1.0,122.0,1.0,120.0,2.0,123.0,2.0,119.75,1.0,125.2,5.0,119.5,2.0,126.76,1.0,119.3,2.0,126.9,5.0,119.25,1.0,127.2,1.0,118.0,5.0,128.0,1.0,109.0,2.0,,,108.0,1.0,,,52.0,1.0,,
43,Germany_Baseload#19#0#10000106,2021-10-22 06:51:23.571000,120.5,2.0,122.0,1.0,120.0,2.0,123.0,2.0,119.75,1.0,125.2,5.0,119.5,2.0,126.76,1.0,119.3,2.0,126.9,5.0,119.25,1.0,127.2,1.0,118.0,5.0,128.0,1.0,109.0,2.0,,,108.0,1.0,,,52.0,1.0,,
44,Germany_Baseload#19#0#10000106,2021-10-22 06:51:32.779000,120.5,2.0,122.0,1.0,120.0,2.0,123.0,2.0,119.75,1.0,125.2,5.0,119.3,2.0,126.76,1.0,119.25,1.0,126.9,5.0,118.0,5.0,127.2,1.0,109.0,2.0,128.0,1.0,108.0,1.0,,,52.0,1.0,,,48.0,3.0,,
45,Germany_Baseload#19#0#10000106,2021-10-22 06:54:32.340000,120.5,1.0,122.0,1.0,120.0,2.0,123.0,2.0,119.75,1.0,125.2,5.0,119.3,2.0,126.76,1.0,119.25,1.0,126.9,5.0,118.0,5.0,127.2,1.0,109.0,2.0,128.0,1.0,108.0,1.0,,,52.0,1.0,,,48.0,3.0,,
46,Germany_Baseload#19#0#10000106,2021-10-22 06:55:05.138000,120.5,1.0,122.0,2.0,120.0,2.0,122.5,1.0,119.75,1.0,123.0,2.0,119.3,2.0,125.2,5.0,119.25,1.0,126.76,1.0,118.0,5.0,126.9,5.0,109.0,2.0,127.2,1.0,108.0,1.0,128.0,1.0,52.0,1.0,,,48.0,3.0,,
47,Germany_Baseload#19#0#10000106,2021-10-22 06:55:33.926000,120.5,1.0,122.25,2.0,120.0,2.0,122.5,1.0,119.75,1.0,123.0,2.0,119.3,2.0,125.2,5.0,119.25,1.0,126.76,1.0,118.0,5.0,126.9,5.0,109.0,2.0,127.2,1.0,108.0,1.0,128.0,1.0,52.0,1.0,,,48.0,3.0,,
48,Germany_Baseload#19#0#10000106,2021-10-22 06:55:40.226000,120.5,1.0,122.25,2.0,120.25,1.0,122.5,1.0,120.0,2.0,123.0,2.0,119.75,1.0,125.2,5.0,119.3,2.0,126.76,1.0,119.25,1.0,126.9,5.0,118.0,5.0,127.2,1.0,109.0,2.0,128.0,1.0,108.0,1.0,,,52.0,1.0,,
49,Germany_Baseload#19#0#10000106,2021-10-22 06:55:50.462000,120.5,1.0,122.25,2.0,120.25,1.0,123.0,2.0,120.0,2.0,125.2,5.0,119.75,1.0,126.76,1.0,119.3,2.0,126.9,5.0,119.25,1.0,127.2,1.0,118.0,5.0,128.0,1.0,109.0,2.0,,,108.0,1.0,,,52.0,1.0,,
50,Germany_Baseload#19#0#10000106,2021-10-22 06:55:50.499000,120.5,1.0,122.0,1.0,120.25,1.0,122.25,2.0,120.0,2.0,123.0,2.0,119.75,1.0,125.2,5.0,119.3,2.0,126.76,1.0,119.25,1.0,126.9,5.0,118.0,5.0,127.2,1.0,109.0,2.0,128.0,1.0,108.0,1.0,,,52.0,1.0,,
51,Germany_Baseload#19#0#10000106,2021-10-22 06:59:47.726000,120.25,1.0,122.0,1.0,120.0,1.0,122.25,2.0,119.75,1.0,123.0,2.0,119.3,2.0,125.2,5.0,119.25,1.0,126.76,1.0,118.0,5.0,126.9,5.0,109.0,2.0,127.2,1.0,108.0,1.0,128.0,1.0,52.0,1.0,,,48.0,3.0,,
52,Germany_Baseload#19#0#10000106,2021-10-22 06:59:48.272000,120.25,1.0,122.0,1.0,120.0,2.0,122.25,2.0,119.75,1.0,123.0,2.0,119.3,2.0,125.2,5.0,119.25,1.0,126.76,1.0,118.0,5.0,126.9,5.0,109.0,2.0,127.2,1.0,108.0,1.0,128.0,1.0,52.0,1.0,,,48.0,3.0,,
53,Germany_Baseload#19#0#10000106,2021-10-22 07:00:39.181000,120.25,1.0,122.0,3.0,120.0,2.0,122.25,2.0,119.75,1.0,123.0,2.0,119.3,2.0,125.2,5.0,119.25,1.0,126.76,1.0,118.0,5.0,126.9,5.0,109.0,2.0,127.2,1.0,108.0,1.0,128.0,1.0,52.0,1.0,,,48.0,3.0,,
54,Germany_Baseload#19#0#10000106,2021-10-22 07:01:12.488000,120.25,1.0,121.5,1.0,120.0,2.0,122.0,3.0,119.75,1.0,122.25,2.0,119.3,2.0,125.2,5.0,119.25,1.0,126.76,1.0,118.0,5.0,126.9,5.0,109.0,2.0,127.2,1.0,108.0,1.0,128.0,1.0,52.0,1.0,,,48.0,3.0,,
55,Germany_Baseload#19#0#10000106,2021-10-22 07:01:12.580000,120.25,1.0,121.5,3.0,120.0,2.0,122.0,1.0,119.75,1.0,122.25,2.0,119.3,2.0,125.2,5.0,119.25,1.0,126.76,1.0,118.0,5.0,126.9,5.0,109.0,2.0,127.2,1.0,108.0,1.0,128.0,1.0,52.0,1.0,,,48.0,3.0,,
56,Germany_Baseload#19#0#10000106,2021-10-22 07:02:09.161000,120.25,1.0,122.0,1.0,120.0,2.0,122.25,2.0,119.75,1.0,125.2,5.0,119.3,2.0,126.76,1.0,119.25,1.0,126.9,5.0,118.0,5.0,127.2,1.0,109.0,2.0,128.0,1.0,108.0,1.0,,,52.0,1.0,,,48.0,3.0,,
57,Germany_Baseload#19#0#10000106,2021-10-22 07:03:28.319000,120.0,5.0,122.0,1.0,119.75,1.0,122.25,2.0,119.3,2.0,125.2,5.0,119.25,1.0,126.76,1.0,118.0,5.0,126.9,5.0,109.0,2.0,127.2,1.0,108.0,1.0,128.0,1.0,52.0,1.0,,,48.0,3.0,,,,,,
58,Germany_Baseload#19#0#10000106,2021-10-22 07:04:36.215000,120.1,2.0,122.0,1.0,120.0,5.0,122.25,2.0,119.75,1.0,125.2,5.0,119.3,2.0,126.76,1.0,119.25,1.0,126.9,5.0,118.0,5.0,127.2,1.0,109.0,2.0,128.0,1.0,108.0,1.0,,,52.0,1.0,,,48.0,3.0,,
59,Germany_Baseload#19#0#10000106,2021-10-22 07:05:00.300000,120.1,2.0,122.0,1.0,120.0,5.0,122.25,2.0,119.75,1.0,125.2,5.0,119.3,2.0,126.76,1.0,119.25,1.0,126.9,5.0,118.0,5.0,127.2,1.0,109.0,2.0,128.0,1.0,108.0,1.0,130.0,3.0,52.0,1.0,,,48.0,3.0,,
60,Germany_Baseload#19#0#10000106,2021-10-22 07:05:32.786000,120.1,3.0,122.0,1.0,120.0,5.0,122.25,2.0,119.75,1.0,125.2,5.0,119.3,2.0,126.76,1.0,119.25,1.0,126.9,5.0,118.0,5.0,127.2,1.0,109.0,2.0,128.0,1.0,108.0,1.0,130.0,3.0,52.0,1.0,,,48.0,3.0,,
61,Germany_Baseload#19#0#10000106,2021-10-22 07:05:51.019000,120.1,3.0,122.0,1.0,120.0,1.0,122.25,2.0,119.75,1.0,125.2,5.0,119.3,2.0,126.76,1.0,119.25,1.0,126.9,5.0,118.0,5.0,127.2,1.0,109.0,2.0,128.0,1.0,108.0,1.0,130.0,3.0,52.0,1.0,,,48.0,3.0,,
62,Germany_Baseload#19#0#10000106,2021-10-22 07:05:51.050000,121.0,1.0,122.0,1.0,120.1,3.0,122.25,2.0,120.0,1.0,125.2,5.0,119.75,1.0,126.76,1.0,119.3,2.0,126.9,5.0,119.25,1.0,127.2,1.0,118.0,5.0,128.0,1.0,109.0,2.0,130.0,3.0,108.0,1.0,,,52.0,1.0,,
63,Germany_Baseload#19#0#10000106,2021-10-22 07:05:56.013000,121.0,1.0,122.0,2.0,120.1,3.0,122.25,2.0,120.0,1.0,125.2,5.0,119.75,1.0,126.76,1.0,119.3,2.0,126.9,5.0,119.25,1.0,127.2,1.0,118.0,5.0,128.0,1.0,109.0,2.0,130.0,3.0,108.0,1.0,,,52.0,1.0,,
64,Germany_Baseload#19#0#10000106,2021-10-22 07:06:05.594000,121.0,1.0,122.0,2.0,120.1,3.0,122.75,2.0,120.0,1.0,125.2,5.0,119.75,1.0,126.76,1.0,119.3,2.0,126.9,5.0,119.25,1.0,127.2,1.0,118.0,5.0,128.0,1.0,109.0,2.0,130.0,3.0,108.0,1.0,,,52.0,1.0,,
65,Germany_Baseload#19#0#10000106,2021-10-22 07:06:21.816000,121.0,1.0,122.75,2.0,120.1,3.0,125.2,5.0,120.0,1.0,126.76,1.0,119.75,1.0,126.9,5.0,119.3,2.0,127.2,1.0,119.25,1.0,128.0,1.0,118.0,5.0,130.0,3.0,109.0,2.0,,,108.0,1.0,,,52.0,1.0,,
66,Germany_Baseload#19#0#10000106,2021-10-22 07:06:21.818000,121.0,1.0,122.75,2.0,120.1,3.0,123.25,1.0,120.0,1.0,125.2,5.0,119.75,1.0,126.76,1.0,119.3,2.0,126.9,5.0,119.25,1.0,127.2,1.0,118.0,5.0,128.0,1.0,109.0,2.0,130.0,3.0,108.0,1.0,,,52.0,1.0,,
67,Germany_Baseload#19#0#10000106,2021-10-22 07:06:21.844000,121.0,1.0,122.75,2.0,120.1,3.0,123.35,1.0,120.0,1.0,125.2,5.0,119.75,1.0,126.76,1.0,119.3,2.0,126.9,5.0,119.25,1.0,127.2,1.0,118.0,5.0,128.0,1.0,109.0,2.0,130.0,3.0,108.0,1.0,,,52.0,1.0,,
68,Germany_Baseload#19#0#10000106,2021-10-22 07:06:21.850000,121.0,1.0,122.75,2.0,120.1,3.0,123.0,1.0,120.0,1.0,125.2,5.0,119.75,1.0,126.76,1.0,119.3,2.0,126.9,5.0,119.25,1.0,127.2,1.0,118.0,5.0,128.0,1.0,109.0,2.0,130.0,3.0,108.0,1.0,,,52.0,1.0,,
69,Germany_Baseload#19#0#10000106,2021-10-22 07:07:42.081000,120.25,1.0,122.75,2.0,120.1,3.0,123.0,1.0,120.0,1.0,125.2,5.0,119.75,1.0,126.76,1.0,119.3,2.0,126.9,5.0,119.25,1.0,127.2,1.0,118.0,5.0,128.0,1.0,109.0,2.0,130.0,3.0,108.0,1.0,,,52.0,1.0,,
70,Germany_Baseload#19#0#10000106,2021-10-22 07:07:42.121000,120.2,1.0,122.75,2.0,120.1,3.0,123.0,1.0,120.0,1.0,125.2,5.0,119.75,1.0,126.76,1.0,119.3,2.0,126.9,5.0,119.25,1.0,127.2,1.0,118.0,5.0,128.0,1.0,109.0,2.0,130.0,3.0,108.0,1.0,,,52.0,1.0,,
71,Germany_Baseload#19#0#10000106,2021-10-22 07:07:42.125000,122.0,1.0,122.75,2.0,120.2,1.0,123.0,1.0,120.1,3.0,125.2,5.0,120.0,1.0,126.76,1.0,119.75,1.0,126.9,5.0,119.3,2.0,127.2,1.0,119.25,1.0,128.0,1.0,118.0,5.0,130.0,3.0,109.0,2.0,,,108.0,1.0,,
72,Germany_Baseload#19#0#10000106,2021-10-22 07:07:42.127000,122.0,1.0,122.75,2.0,120.1,3.0,123.0,1.0,120.0,1.0,125.2,5.0,119.75,1.0,126.76,1.0,119.3,2.0,126.9,5.0,119.25,1.0,127.2,1.0,118.0,5.0,128.0,1.0,109.0,2.0,130.0,3.0,108.0,1.0,,,52.0,1.0,,
73,Germany_Baseload#19#0#10000106,2021-10-22 07:07:42.170000,122.0,1.0,122.75,2.0,120.25,1.0,123.0,1.0,120.1,2.0,125.2,5.0,120.0,4.0,126.76,1.0,119.75,1.0,126.9,5.0,119.3,2.0,127.2,1.0,119.25,1.0,128.0,1.0,118.0,5.0,130.0,3.0,109.0,2.0,,,108.0,1.0,,
74,Germany_Baseload#19#0#10000106,2021-10-22 07:07:42.265000,122.0,1.0,122.75,2.0,120.25,1.0,123.0,1.0,120.1,3.0,125.2,5.0,120.0,4.0,126.76,1.0,119.75,1.0,126.9,5.0,119.3,2.0,127.2,1.0,119.25,1.0,128.0,1.0,118.0,5.0,130.0,3.0,109.0,2.0,,,108.0,1.0,,
75,Germany_Baseload#19#0#10000106,2021-10-22 07:07:42.266000,122.0,1.0,122.75,2.0,120.1,3.0,123.0,1.0,120.0,4.0,125.2,5.0,119.75,1.0,126.76,1.0,119.3,2.0,126.9,5.0,119.25,1.0,127.2,1.0,118.0,5.0,128.0,1.0,109.0,2.0,130.0,3.0,108.0,1.0,,,52.0,1.0,,
76,Germany_Baseload#19#0#10000106,2021-10-22 07:07:47.559000,122.0,1.0,122.75,2.0,120.1,2.0,123.0,1.0,120.0,2.0,125.2,5.0,119.75,1.0,126.76,1.0,119.3,2.0,126.9,5.0,119.25,1.0,127.2,1.0,118.0,5.0,128.0,1.0,109.0,2.0,130.0,3.0,108.0,1.0,,,52.0,1.0,,
77,Germany_Baseload#19#0#10000106,2021-10-22 07:07:51.149000,122.0,1.0,122.75,2.0,120.1,3.0,123.0,1.0,120.0,1.0,125.2,5.0,119.75,1.0,126.76,1.0,119.3,2.0,126.9,5.0,119.25,1.0,127.2,1.0,118.0,5.0,128.0,1.0,109.0,2.0,130.0,3.0,108.0,1.0,,,52.0,1.0,,
78,Germany_Baseload#19#0#10000106,2021-10-22 07:08:19.346000,122.0,1.0,122.75,2.0,120.1,2.0,123.0,1.0,120.0,1.0,125.2,5.0,119.75,1.0,126.76,1.0,119.3,2.0,126.9,5.0,119.25,1.0,127.2,1.0,118.0,5.0,128.0,1.0,109.0,2.0,130.0,3.0,108.0,1.0,,,52.0,1.0,,
79,Germany_Baseload#19#0#10000106,2021-10-22 07:09:04.843000,122.0,1.0,123.0,1.0,120.1,2.0,125.2,5.0,120.0,1.0,126.76,1.0,119.75,1.0,126.9,5.0,119.3,2.0,127.2,1.0,119.25,1.0,128.0,1.0,118.0,5.0,130.0,3.0,109.0,2.0,,,108.0,1.0,,,52.0,1.0,,
80,Germany_Baseload#19#0#10000106,2021-10-22 07:09:06.406000,122.0,1.0,124.25,1.0,120.1,2.0,125.2,5.0,120.0,1.0,126.76,1.0,119.75,1.0,126.9,5.0,119.3,2.0,127.2,1.0,119.25,1.0,128.0,1.0,118.0,5.0,130.0,3.0,109.0,2.0,,,108.0,1.0,,,52.0,1.0,,
81,Germany_Baseload#19#0#10000106,2021-10-22 07:09:06.433000,122.0,1.0,124.0,1.0,120.1,2.0,124.25,1.0,120.0,1.0,125.2,5.0,119.75,1.0,126.76,1.0,119.3,2.0,126.9,5.0,119.25,1.0,127.2,1.0,118.0,5.0,128.0,1.0,109.0,2.0,130.0,3.0,108.0,1.0,,,52.0,1.0,,
82,Germany_Baseload#19#0#10000106,2021-10-22 07:09:06.433000,122.0,1.0,124.0,1.0,120.1,2.0,125.2,5.0,120.0,1.0,126.76,1.0,119.75,1.0,126.9,5.0,119.3,2.0,127.2,1.0,119.25,1.0,128.0,1.0,118.0,5.0,130.0,3.0,109.0,2.0,,,108.0,1.0,,,52.0,1.0,,
83,Germany_Baseload#19#0#10000106,2021-10-22 07:09:14.886000,123.0,1.0,124.0,1.0,122.0,1.0,125.2,5.0,120.1,2.0,126.76,1.0,120.0,1.0,126.9,5.0,119.75,1.0,127.2,1.0,119.3,2.0,128.0,1.0,119.25,1.0,130.0,3.0,118.0,5.0,,,109.0,2.0,,,108.0,1.0,,
84,Germany_Baseload#19#0#10000106,2021-10-22 07:09:16.862000,123.0,1.0,125.2,5.0,122.0,1.0,126.76,1.0,120.1,2.0,126.9,5.0,120.0,1.0,127.2,1.0,119.75,1.0,128.0,1.0,119.3,2.0,130.0,3.0,119.25,1.0,,,118.0,5.0,,,109.0,2.0,,,108.0,1.0,,
85,Germany_Baseload#19#0#10000106,2021-10-22 07:09:17.668000,123.0,1.0,124.0,1.0,122.0,1.0,125.2,5.0,120.1,2.0,126.76,1.0,120.0,1.0,126.9,5.0,119.75,1.0,127.2,1.0,119.3,2.0,128.0,1.0,119.25,1.0,130.0,3.0,118.0,5.0,,,109.0,2.0,,,108.0,1.0,,
86,Germany_Baseload#19#0#10000106,2021-10-22 07:09:40.192000,123.5,1.0,124.0,1.0,123.0,1.0,125.2,5.0,122.0,1.0,126.76,1.0,120.1,2.0,126.9,5.0,120.0,1.0,127.2,1.0,119.75,1.0,128.0,1.0,119.3,2.0,130.0,3.0,119.25,1.0,,,118.0,5.0,,,109.0,2.0,,
87,Germany_Baseload#19#0#10000106,2021-10-22 07:09:59.694000,123.5,1.0,124.0,2.0,123.0,1.0,125.2,5.0,122.0,1.0,126.76,1.0,120.1,2.0,126.9,5.0,120.0,1.0,127.2,1.0,119.75,1.0,128.0,1.0,119.3,2.0,130.0,3.0,119.25,1.0,,,118.0,5.0,,,109.0,2.0,,
88,Germany_Baseload#19#0#10000106,2021-10-22 07:10:03.322000,123.0,1.0,124.0,2.0,122.0,1.0,125.2,5.0,120.1,2.0,126.76,1.0,120.0,1.0,126.9,5.0,119.75,1.0,127.2,1.0,119.3,2.0,128.0,1.0,119.25,1.0,130.0,3.0,118.0,5.0,,,109.0,2.0,,,108.0,1.0,,
89,Germany_Baseload#19#0#10000106,2021-10-22 07:10:04.189000,123.0,1.0,124.0,2.0,120.1,2.0,125.2,5.0,120.0,4.0,126.76,1.0,119.75,1.0,126.9,5.0,119.3,2.0,127.2,1.0,119.25,1.0,128.0,1.0,118.0,5.0,130.0,3.0,109.0,2.0,,,108.0,1.0,,,52.0,1.0,,
90,Germany_Baseload#19#0#10000106,2021-10-22 07:10:26.821000,123.25,1.0,124.0,2.0,123.0,1.0,125.2,5.0,120.1,2.0,126.76,1.0,120.0,4.0,126.9,5.0,119.75,1.0,127.2,1.0,119.3,2.0,128.0,1.0,119.25,1.0,130.0,3.0,118.0,5.0,,,109.0,2.0,,,108.0,1.0,,
91,Germany_Baseload#19#0#10000106,2021-10-22 07:10:34.532000,123.0,1.0,124.0,2.0,120.1,2.0,125.2,5.0,120.0,4.0,126.76,1.0,119.75,1.0,126.9,5.0,119.3,2.0,127.2,1.0,119.25,1.0,128.0,1.0,118.0,5.0,130.0,3.0,109.0,2.0,,,108.0,1.0,,,52.0,1.0,,
92,Germany_Baseload#19#0#10000106,2021-10-22 07:10:40.941000,123.0,1.0,124.0,2.0,120.1,2.0,125.2,5.0,120.0,4.0,126.76,1.0,119.75,1.0,126.9,5.0,119.3,2.0,127.2,1.0,118.0,5.0,128.0,1.0,109.0,2.0,130.0,3.0,108.0,1.0,,,52.0,1.0,,,48.0,3.0,,
93,Germany_Baseload#19#0#10000106,2021-10-22 07:10:40.956000,123.1,1.0,124.0,2.0,123.0,1.0,125.2,5.0,120.1,2.0,126.76,1.0,120.0,4.0,126.9,5.0,119.75,1.0,127.2,1.0,119.3,2.0,128.0,1.0,118.0,5.0,130.0,3.0,109.0,2.0,,,108.0,1.0,,,52.0,1.0,,
94,Germany_Baseload#19#0#10000106,2021-10-22 07:10:42.388000,123.25,1.0,124.0,2.0,123.1,1.0,125.2,5.0,123.0,1.0,126.76,1.0,120.1,2.0,126.9,5.0,120.0,4.0,127.2,1.0,119.75,1.0,128.0,1.0,119.3,2.0,130.0,3.0,118.0,5.0,,,109.0,2.0,,,108.0,1.0,,
95,Germany_Baseload#19#0#10000106,2021-10-22 07:10:43.805000,123.1,1.0,124.0,2.0,123.0,1.0,125.2,5.0,120.1,2.0,126.76,1.0,120.0,4.0,126.9,5.0,119.75,1.0,127.2,1.0,119.3,2.0,128.0,1.0,118.0,5.0,130.0,3.0,109.0,2.0,,,108.0,1.0,,,52.0,1.0,,
96,Germany_Baseload#19#0#10000106,2021-10-22 07:10:47.866000,123.25,1.0,124.0,2.0,123.1,1.0,125.2,5.0,123.0,1.0,126.76,1.0,120.1,2.0,126.9,5.0,120.0,4.0,127.2,1.0,119.75,1.0,128.0,1.0,119.3,2.0,130.0,3.0,118.0,5.0,,,109.0,2.0,,,108.0,1.0,,
97,Germany_Baseload#19#0#10000106,2021-10-22 07:10:49.287000,123.1,1.0,124.0,2.0,123.0,1.0,125.2,5.0,120.1,2.0,126.76,1.0,120.0,4.0,126.9,5.0,119.75,1.0,127.2,1.0,119.3,2.0,128.0,1.0,118.0,5.0,130.0,3.0,109.0,2.0,,,108.0,1.0,,,52.0,1.0,,
98,Germany_Baseload#19#0#10000106,2021-10-22 07:10:49.615000,123.0,1.0,124.0,2.0,120.1,2.0,125.2,5.0,120.0,4.0,126.76,1.0,119.75,1.0,126.9,5.0,119.3,2.0,127.2,1.0,118.0,5.0,128.0,1.0,109.0,2.0,130.0,3.0,108.0,1.0,,,52.0,1.0,,,48.0,3.0,,
99,Germany_Baseload#19#0#10000106,2021-10-22 07:10:49.631000,123.25,1.0,124.0,2.0,123.0,1.0,125.2,5.0,120.1,2.0,126.76,1.0,120.0,4.0,126.9,5.0,119.75,1.0,127.2,1.0,119.3,2.0,128.0,1.0,118.0,5.0,130.0,3.0,109.0,2.0,,,108.0,1.0,,,52.0,1.0,,
100,Germany_Baseload#19#0#10000106,2021-10-22 07:11:02.291000,123.1,1.0,124.0,2.0,123.0,1.0,125.2,5.0,120.1,2.0,126.76,1.0,120.0,4.0,126.9,5.0,119.75,1.0,127.2,1.0,119.3,2.0,128.0,1.0,118.0,5.0,130.0,3.0,109.0,2.0,,,108.0,1.0,,,52.0,1.0,,
101,Germany_Baseload#19#0#10000106,2021-10-22 07:11:05.640000,123.1,1.0,124.0,3.0,123.0,1.0,125.2,5.0,120.1,2.0,126.76,1.0,120.0,4.0,126.9,5.0,119.75,1.0,127.2,1.0,119.3,2.0,128.0,1.0,118.0,5.0,130.0,3.0,109.0,2.0,,,108.0,1.0,,,52.0,1.0,,
102,Germany_Baseload#19#0#10000106,2021-10-22 07:12:05.837000,123.1,1.0,123.9,1.0,123.0,1.0,124.0,3.0,120.1,2.0,125.2,5.0,120.0,4.0,126.76,1.0,119.75,1.0,126.9,5.0,119.3,2.0,127.2,1.0,118.0,5.0,128.0,1.0,109.0,2.0,130.0,3.0,108.0,1.0,,,52.0,1.0,,
103,Germany_Baseload#19#0#10000106,2021-10-22 07:12:09.310000,123.1,1.0,123.9,1.0,122.35,1.0,124.0,3.0,120.1,2.0,125.2,5.0,120.0,4.0,126.76,1.0,119.75,1.0,126.9,5.0,119.3,2.0,127.2,1.0,118.0,5.0,128.0,1.0,109.0,2.0,130.0,3.0,108.0,1.0,,,52.0,1.0,,
104,Germany_Baseload#19#0#10000106,2021-10-22 07:12:09.404000,123.1,1.0,123.9,1.0,122.35,1.0,124.0,3.0,120.5,1.0,125.2,5.0,120.1,2.0,126.76,1.0,120.0,4.0,126.9,5.0,119.75,1.0,127.2,1.0,119.3,2.0,128.0,1.0,118.0,5.0,130.0,3.0,109.0,2.0,,,108.0,1.0,,
105,Germany_Baseload#19#0#10000106,2021-10-22 07:12:42.606000,123.25,1.0,123.9,1.0,123.1,1.0,124.0,3.0,122.35,1.0,125.2,5.0,120.5,1.0,126.76,1.0,120.1,2.0,126.9,5.0,120.0,4.0,127.2,1.0,119.75,1.0,128.0,1.0,119.3,2.0,130.0,3.0,118.0,5.0,,,109.0,2.0,,
106,Germany_Baseload#19#0#10000106,2021-10-22 07:12:42.607000,123.25,1.0,123.9,1.0,123.1,1.0,124.0,3.0,120.5,1.0,125.2,5.0,120.1,2.0,126.76,1.0,120.0,4.0,126.9,5.0,119.75,1.0,127.2,1.0,119.3,2.0,128.0,1.0,118.0,5.0,130.0,3.0,109.0,2.0,,,108.0,1.0,,
107,Germany_Baseload#19#0#10000106,2021-10-22 07:12:44.402000,123.1,1.0,123.9,1.0,120.5,1.0,124.0,3.0,120.1,2.0,125.2,5.0,120.0,4.0,126.76,1.0,119.75,1.0,126.9,5.0,119.3,2.0,127.2,1.0,118.0,5.0,128.0,1.0,109.0,2.0,130.0,3.0,108.0,1.0,,,52.0,1.0,,
108,Germany_Baseload#19#0#10000106,2021-10-22 07:12:44.403000,123.1,1.0,123.9,1.0,122.5,1.0,124.0,3.0,120.5,1.0,125.2,5.0,120.1,2.0,126.76,1.0,120.0,4.0,126.9,5.0,119.75,1.0,127.2,1.0,119.3,2.0,128.0,1.0,118.0,5.0,130.0,3.0,109.0,2.0,,,108.0,1.0,,
109,Germany_Baseload#19#0#10000106,2021-10-22 07:12:44.438000,123.1,1.0,123.9,1.0,122.45,1.0,124.0,3.0,120.5,1.0,125.2,5.0,120.1,2.0,126.76,1.0,120.0,4.0,126.9,5.0,119.75,1.0,127.2,1.0,119.3,2.0,128.0,1.0,118.0,5.0,130.0,3.0,109.0,2.0,,,108.0,1.0,,
110,Germany_Baseload#19#0#10000106,2021-10-22 07:12:44.576000,123.1,1.0,123.9,1.0,122.35,1.0,124.0,3.0,120.5,1.0,125.2,5.0,120.1,2.0,126.76,1.0,120.0,4.0,126.9,5.0,119.75,1.0,127.2,1.0,119.3,2.0,128.0,1.0,118.0,5.0,130.0,3.0,109.0,2.0,,,108.0,1.0,,
111,Germany_Baseload#19#0#10000106,2021-10-22 07:14:12.556000,123.1,1.0,124.0,3.0,122.35,1.0,125.2,5.0,120.5,1.0,126.76,1.0,120.1,2.0,126.9,5.0,120.0,4.0,127.2,1.0,119.75,1.0,128.0,1.0,119.3,2.0,130.0,3.0,118.0,5.0,,,109.0,2.0,,,108.0,1.0,,
112,Germany_Baseload#19#0#10000106,2021-10-22 07:14:12.619000,123.1,1.0,123.9,1.0,122.35,1.0,124.0,3.0,120.5,1.0,125.2,5.0,120.1,2.0,126.76,1.0,120.0,4.0,126.9,5.0,119.75,1.0,127.2,1.0,119.3,2.0,128.0,1.0,118.0,5.0,130.0,3.0,109.0,2.0,,,108.0,1.0,,
113,Germany_Baseload#19#0#10000106,2021-10-22 07:15:03.990000,123.1,1.0,123.9,1.0,122.35,1.0,124.0,3.0,122.0,1.0,125.2,5.0,120.5,1.0,126.76,1.0,120.1,2.0,126.9,5.0,120.0,4.0,127.2,1.0,119.75,1.0,128.0,1.0,119.3,2.0,130.0,3.0,118.0,5.0,,,109.0,2.0,,
114,Germany_Baseload#19#0#10000106,2021-10-22 07:15:15.061000,123.1,1.0,123.9,1.0,122.35,1.0,124.0,3.0,122.0,1.0,125.2,5.0,120.5,1.0,126.76,1.0,120.1,2.0,126.9,5.0,120.0,4.0,127.2,1.0,119.75,1.0,128.0,1.0,119.3,2.0,130.0,3.0,109.0,2.0,,,108.0,1.0,,
115,Germany_Baseload#19#0#10000106,2021-10-22 07:15:33.368000,123.1,1.0,123.9,1.0,122.35,1.0,124.0,3.0,122.0,1.0,125.2,5.0,120.5,1.0,126.76,1.0,120.1,2.0,126.9,5.0,120.0,4.0,127.2,1.0,119.75,1.0,128.0,1.0,119.3,2.0,129.9,2.0,109.0,2.0,130.0,3.0,108.0,1.0,,
116,Germany_Baseload#19#0#10000106,2021-10-22 07:15:54.593000,123.1,1.0,123.9,1.0,122.35,1.0,124.0,3.0,122.0,1.0,125.2,5.0,120.5,1.0,126.76,1.0,120.1,2.0,126.9,5.0,120.0,4.0,127.2,1.0,119.75,1.0,127.4,2.0,119.3,2.0,128.0,1.0,109.0,2.0,129.9,2.0,108.0,1.0,130.0,3.0
117,Germany_Baseload#19#0#10000106,2021-10-22 07:16:05.782000,123.1,1.0,123.9,1.0,122.35,1.0,124.0,3.0,122.0,1.0,125.2,5.0,120.5,1.0,126.76,1.0,120.1,2.0,126.9,5.0,120.0,4.0,127.2,1.0,119.75,1.0,127.4,2.0,119.3,2.0,128.0,1.0,109.0,2.0,130.0,3.0,108.0,1.0,,
118,Germany_Baseload#19#0#10000106,2021-10-22 07:16:05.847000,123.1,1.0,123.9,1.0,122.35,1.0,124.0,3.0,122.0,1.0,125.2,5.0,120.5,1.0,126.76,1.0,120.1,2.0,126.9,5.0,120.0,4.0,127.2,1.0,119.75,1.0,127.4,2.0,119.3,2.0,128.0,1.0,109.0,2.0,129.9,2.0,108.0,1.0,130.0,3.0
119,Germany_Baseload#19#0#10000106,2021-10-22 07:16:38.302000,123.15,5.0,123.9,1.0,123.1,1.0,124.0,3.0,122.35,1.0,125.2,5.0,122.0,1.0,126.76,1.0,120.5,1.0,126.9,5.0,120.1,2.0,127.2,1.0,120.0,4.0,127.4,2.0,119.75,1.0,128.0,1.0,119.3,2.0,129.9,2.0,109.0,2.0,130.0,3.0
120,Germany_Baseload#19#0#10000106,2021-10-22 07:16:38.305000,123.15,5.0,123.9,1.0,123.1,1.0,124.0,3.0,122.0,1.0,125.2,5.0,120.5,1.0,126.76,1.0,120.1,2.0,126.9,5.0,120.0,4.0,127.2,1.0,119.75,1.0,127.4,2.0,119.3,2.0,128.0,1.0,109.0,2.0,129.9,2.0,108.0,1.0,130.0,3.0
121,Germany_Baseload#19#0#10000106,2021-10-22 07:16:54.078000,123.2,1.0,123.9,1.0,123.15,5.0,124.0,3.0,123.1,1.0,125.2,5.0,122.0,1.0,126.76,1.0,120.5,1.0,126.9,5.0,120.1,2.0,127.2,1.0,120.0,4.0,127.4,2.0,119.75,1.0,128.0,1.0,119.3,2.0,129.9,2.0,109.0,2.0,130.0,3.0
122,Germany_Baseload#19#0#10000106,2021-10-22 07:17:13.023000,123.2,1.0,123.25,1.0,123.15,5.0,123.9,1.0,123.1,1.0,124.0,3.0,122.0,1.0,125.2,5.0,120.5,1.0,126.76,1.0,120.1,2.0,126.9,5.0,120.0,4.0,127.2,1.0,119.75,1.0,127.4,2.0,119.3,2.0,128.0,1.0,109.0,2.0,129.9,2.0
123,Germany_Baseload#19#0#10000106,2021-10-22 07:17:19.225000,123.2,1.0,123.9,1.0,123.15,5.0,124.0,3.0,123.1,1.0,125.2,5.0,122.0,1.0,126.76,1.0,120.5,1.0,126.9,5.0,120.1,2.0,127.2,1.0,120.0,4.0,127.4,2.0,119.75,1.0,128.0,1.0,119.3,2.0,129.9,2.0,109.0,2.0,130.0,3.0
124,Germany_Baseload#19#0#10000106,2021-10-22 07:17:33.226000,123.25,5.0,123.9,1.0,123.2,1.0,124.0,3.0,123.1,1.0,125.2,5.0,122.0,1.0,126.76,1.0,120.5,1.0,126.9,5.0,120.1,2.0,127.2,1.0,120.0,4.0,127.4,2.0,119.75,1.0,128.0,1.0,119.3,2.0,129.9,2.0,109.0,2.0,130.0,3.0
125,Germany_Baseload#19#0#10000106,2021-10-22 07:17:34.650000,123.25,5.0,123.9,1.0,123.2,1.0,124.0,2.0,123.1,1.0,125.2,5.0,122.0,1.0,126.76,1.0,120.5,1.0,126.9,5.0,120.1,2.0,127.2,1.0,120.0,4.0,127.4,2.0,119.75,1.0,128.0,1.0,119.3,2.0,129.9,2.0,109.0,2.0,130.0,3.0
126,Germany_Baseload#19#0#10000106,2021-10-22 07:17:34.688000,123.25,5.0,123.75,1.0,123.2,1.0,123.9,1.0,123.1,1.0,124.0,2.0,122.0,1.0,125.2,5.0,120.5,1.0,126.76,1.0,120.1,2.0,126.9,5.0,120.0,4.0,127.2,1.0,119.75,1.0,127.4,2.0,119.3,2.0,128.0,1.0,109.0,2.0,129.9,2.0
127,Germany_Baseload#19#0#10000106,2021-10-22 07:20:13.116000,123.25,5.0,123.75,1.0,123.2,1.0,123.9,1.0,122.0,1.0,124.0,2.0,120.5,1.0,125.2,5.0,120.1,2.0,126.76,1.0,120.0,4.0,126.9,5.0,119.75,1.0,127.2,1.0,119.3,2.0,127.4,2.0,109.0,2.0,128.0,1.0,108.0,1.0,129.9,2.0
128,Germany_Baseload#19#0#10000106,2021-10-22 07:20:13.132000,123.25,6.0,123.75,1.0,123.2,1.0,123.9,1.0,122.0,1.0,124.0,2.0,120.5,1.0,125.2,5.0,120.1,2.0,126.76,1.0,120.0,4.0,126.9,5.0,119.75,1.0,127.2,1.0,119.3,2.0,127.4,2.0,109.0,2.0,128.0,1.0,108.0,1.0,129.9,2.0
129,Germany_Baseload#19#0#10000106,2021-10-22 07:20:22.159000,123.3,1.0,123.75,1.0,123.25,6.0,123.9,1.0,123.2,1.0,124.0,2.0,122.0,1.0,125.2,5.0,120.5,1.0,126.76,1.0,120.1,2.0,126.9,5.0,120.0,4.0,127.2,1.0,119.75,1.0,127.4,2.0,119.3,2.0,128.0,1.0,109.0,2.0,129.9,2.0
130,Germany_Baseload#19#0#10000106,2021-10-22 07:20:22.160000,123.3,1.0,123.75,1.0,123.25,6.0,123.9,1.0,123.2,1.0,124.0,2.0,122.0,1.0,125.2,5.0,120.5,1.0,126.76,1.0,120.1,2.0,126.9,5.0,120.0,4.0,127.2,1.0,119.75,1.0,127.4,2.0,119.3,2.0,128.0,1.0,109.0,2.0,129.9,2.0
131,Germany_Baseload#19#0#10000106,2021-10-22 07:21:03.721000,123.3,1.0,123.6,1.0,123.25,6.0,123.75,1.0,123.2,1.0,123.9,1.0,122.0,1.0,124.0,2.0,120.5,1.0,125.2,5.0,120.1,2.0,126.76,1.0,120.0,4.0,126.9,5.0,119.75,1.0,127.2,1.0,119.3,2.0,127.4,2.0,109.0,2.0,128.0,1.0
132,Germany_Baseload#19#0#10000106,2021-10-22 07:21:12.137000,123.35,5.0,123.6,1.0,123.3,1.0,123.75,1.0,123.25,1.0,123.9,1.0,123.2,1.0,124.0,2.0,122.0,1.0,125.2,5.0,120.5,1.0,126.76,1.0,120.1,2.0,126.9,5.0,120.0,4.0,127.2,1.0,119.75,1.0,127.4,2.0,119.3,2.0,128.0,1.0
133,Germany_Baseload#19#0#10000106,2021-10-22 07:21:25.623000,123.4,1.0,123.6,1.0,123.35,5.0,123.75,1.0,123.3,1.0,123.9,1.0,123.25,1.0,124.0,2.0,123.2,1.0,125.2,5.0,122.0,1.0,126.76,1.0,120.5,1.0,126.9,5.0,120.1,2.0,127.2,1.0,120.0,4.0,127.4,2.0,119.75,1.0,128.0,1.0
134,Germany_Baseload#19#0#10000106,2021-10-22 07:21:25.624000,123.4,1.0,123.6,1.0,123.35,5.0,123.75,1.0,123.25,1.0,123.9,1.0,123.2,1.0,124.0,2.0,122.0,1.0,125.2,5.0,120.5,1.0,126.76,1.0,120.1,2.0,126.9,5.0,120.0,4.0,127.2,1.0,119.75,1.0,127.4,2.0,119.3,2.0,128.0,1.0
135,Germany_Baseload#19#0#10000106,2021-10-22 07:21:36.580000,123.4,1.0,123.6,1.0,123.35,5.0,123.75,1.0,123.25,1.0,123.9,1.0,123.2,1.0,124.0,2.0,122.0,2.0,125.2,5.0,120.5,1.0,126.76,1.0,120.1,2.0,126.9,5.0,120.0,4.0,127.2,1.0,119.75,1.0,127.4,2.0,119.3,2.0,128.0,1.0
136,Germany_Baseload#19#0#10000106,2021-10-22 07:21:59.808000,123.4,1.0,123.6,1.0,123.35,5.0,123.75,1.0,123.25,1.0,123.9,1.0,123.2,1.0,124.0,2.0,122.0,2.0,125.2,5.0,120.5,1.0,126.76,1.0,120.1,2.0,126.9,5.0,120.0,3.0,127.2,1.0,119.75,1.0,127.4,2.0,119.3,2.0,128.0,1.0
137,Germany_Baseload#19#0#10000106,2021-10-22 07:22:16.804000,123.4,1.0,123.6,1.0,123.35,5.0,123.75,1.0,123.25,1.0,124.0,2.0,123.2,1.0,125.2,5.0,122.0,2.0,126.76,1.0,120.5,1.0,126.9,5.0,120.1,2.0,127.2,1.0,120.0,3.0,127.4,2.0,119.75,1.0,128.0,1.0,119.3,2.0,129.9,2.0
138,Germany_Baseload#19#0#10000106,2021-10-22 07:22:25.119000,123.4,1.0,123.6,1.0,123.35,5.0,123.75,1.0,123.25,1.0,124.0,2.0,123.2,1.0,125.2,5.0,122.0,2.0,126.76,1.0,120.5,1.0,126.9,5.0,120.1,2.0,127.2,1.0,120.0,3.0,127.4,2.0,119.75,1.0,128.0,1.0,119.3,2.0,129.9,2.0
139,Germany_Baseload#19#0#10000106,2021-10-22 07:22:25.120000,123.35,5.0,123.6,1.0,123.25,1.0,123.75,1.0,123.2,1.0,124.0,2.0,122.0,2.0,125.2,5.0,120.5,1.0,126.76,1.0,120.1,2.0,126.9,5.0,120.0,3.0,127.2,1.0,119.75,1.0,127.4,2.0,119.3,2.0,128.0,1.0,109.0,2.0,129.9,2.0
140,Germany_Baseload#19#0#10000106,2021-10-22 07:22:29.219000,123.35,5.0,123.6,1.0,123.25,1.0,123.75,1.0,123.2,2.0,124.0,2.0,122.0,2.0,125.2,5.0,120.5,1.0,126.76,1.0,120.1,2.0,126.9,5.0,120.0,3.0,127.2,1.0,119.75,1.0,127.4,2.0,119.3,2.0,128.0,1.0,109.0,2.0,129.9,2.0
141,Germany_Baseload#19#0#10000106,2021-10-22 07:22:29.220000,123.35,5.0,123.6,1.0,123.25,1.0,123.75,1.0,123.2,2.0,124.0,2.0,122.0,1.0,125.2,5.0,120.5,1.0,126.76,1.0,120.1,2.0,126.9,5.0,120.0,3.0,127.2,1.0,119.75,1.0,127.4,2.0,119.3,2.0,128.0,1.0,109.0,2.0,129.9,2.0
142,Germany_Baseload#19#0#10000106,2021-10-22 07:22:29.311000,123.35,5.0,123.6,1.0,123.25,1.0,123.75,1.0,123.2,1.0,124.0,2.0,122.0,2.0,125.2,5.0,120.5,1.0,126.76,1.0,120.1,2.0,126.9,5.0,120.0,3.0,127.2,1.0,119.75,1.0,127.4,2.0,119.3,2.0,128.0,1.0,109.0,2.0,129.9,2.0
143,Germany_Baseload#19#0#10000106,2021-10-22 07:22:32.679000,123.35,5.0,123.6,1.0,123.25,1.0,123.75,1.0,123.2,1.0,124.0,2.0,122.0,1.0,125.2,5.0,120.5,1.0,126.76,1.0,120.1,2.0,126.9,5.0,120.0,3.0,127.2,1.0,119.75,1.0,127.4,2.0,119.3,2.0,128.0,1.0,109.0,2.0,129.9,2.0
144,Germany_Baseload#19#0#10000106,2021-10-22 07:22:36.989000,123.3,5.0,123.6,1.0,123.25,2.0,123.75,1.0,123.2,1.0,124.0,2.0,122.0,1.0,125.2,5.0,120.5,1.0,126.76,1.0,120.1,2.0,126.9,5.0,120.0,3.0,127.2,1.0,119.75,1.0,127.4,2.0,119.3,2.0,128.0,1.0,109.0,2.0,129.9,2.0
145,Germany_Baseload#19#0#10000106,2021-10-22 07:22:50.654000,123.3,5.0,123.6,1.0,123.25,2.0,123.75,1.0,123.2,1.0,124.0,2.0,122.0,1.0,125.2,5.0,120.5,1.0,125.4,1.0,120.1,2.0,126.76,1.0,120.0,3.0,126.9,5.0,119.75,1.0,127.2,1.0,119.3,2.0,127.4,2.0,109.0,2.0,128.0,1.0
146,Germany_Baseload#19#0#10000106,2021-10-22 07:22:57.174000,123.35,1.0,123.6,1.0,123.3,5.0,123.75,1.0,123.25,2.0,124.0,2.0,122.0,1.0,125.2,5.0,120.5,1.0,125.4,1.0,120.1,2.0,126.76,1.0,120.0,3.0,126.9,5.0,119.75,1.0,127.2,1.0,119.3,2.0,127.4,2.0,109.0,2.0,128.0,1.0
147,Germany_Baseload#19#0#10000106,2021-10-22 07:23:01.986000,123.3,5.0,123.6,1.0,123.25,2.0,123.75,1.0,122.0,1.0,124.0,2.0,120.5,1.0,125.2,5.0,120.1,2.0,125.4,1.0,120.0,3.0,126.76,1.0,119.75,1.0,126.9,5.0,119.3,2.0,127.2,1.0,109.0,2.0,127.4,2.0,108.0,1.0,128.0,1.0
148,Germany_Baseload#19#0#10000106,2021-10-22 07:23:06.004000,123.35,1.0,123.6,1.0,123.3,5.0,123.75,1.0,123.25,2.0,124.0,2.0,122.0,1.0,125.2,5.0,120.5,1.0,125.4,1.0,120.1,2.0,126.76,1.0,120.0,3.0,126.9,5.0,119.75,1.0,127.2,1.0,119.3,2.0,127.4,2.0,109.0,2.0,128.0,1.0
149,Germany_Baseload#19#0#10000106,2021-10-22 07:23:10.564000,123.35,2.0,123.6,1.0,123.3,5.0,123.75,1.0,123.25,2.0,124.0,2.0,122.0,1.0,125.2,5.0,120.5,1.0,125.4,1.0,120.1,2.0,126.76,1.0,120.0,3.0,126.9,5.0,119.75,1.0,127.2,1.0,119.3,2.0,127.4,2.0,109.0,2.0,128.0,1.0
150,Germany_Baseload#19#0#10000106,2021-10-22 07:23:36.138000,123.35,2.0,123.6,1.0,123.3,5.0,123.75,1.0,123.25,2.0,123.9,1.0,122.0,1.0,124.0,2.0,120.5,1.0,125.2,5.0,120.1,2.0,125.4,1.0,120.0,3.0,126.76,1.0,119.75,1.0,126.9,5.0,119.3,2.0,127.2,1.0,109.0,2.0,127.4,2.0
151,Germany_Baseload#19#0#10000106,2021-10-22 07:23:42.214000,123.35,2.0,123.6,1.0,123.3,5.0,123.75,1.0,123.25,2.0,124.0,2.0,122.0,1.0,125.2,5.0,120.5,1.0,125.4,1.0,120.1,2.0,126.76,1.0,120.0,3.0,126.9,5.0,119.75,1.0,127.2,1.0,119.3,2.0,127.4,2.0,109.0,2.0,128.0,1.0
152,Germany_Baseload#19#0#10000106,2021-10-22 07:24:15.248000,123.3,5.0,123.6,1.0,123.25,2.0,123.75,1.0,122.0,1.0,124.0,2.0,120.5,1.0,125.2,5.0,120.1,2.0,125.4,1.0,120.0,3.0,126.76,1.0,119.75,1.0,126.9,5.0,119.3,2.0,127.2,1.0,109.0,2.0,127.4,2.0,108.0,1.0,128.0,1.0
153,Germany_Baseload#19#0#10000106,2021-10-22 07:24:50.858000,123.3,5.0,123.6,1.0,123.25,1.0,123.75,1.0,122.0,1.0,124.0,2.0,120.5,1.0,125.2,5.0,120.1,2.0,125.4,1.0,120.0,3.0,126.76,1.0,119.75,1.0,126.9,5.0,119.3,2.0,127.2,1.0,109.0,2.0,127.4,2.0,108.0,1.0,128.0,1.0
154,Germany_Baseload#19#0#10000106,2021-10-22 07:25:38.997000,123.3,5.0,123.6,1.0,123.25,1.0,123.75,1.0,122.55,5.0,124.0,2.0,122.0,1.0,125.2,5.0,120.5,1.0,125.4,1.0,120.1,2.0,126.76,1.0,120.0,3.0,126.9,5.0,119.75,1.0,127.2,1.0,119.3,2.0,127.4,2.0,109.0,2.0,128.0,1.0
155,Germany_Baseload#19#0#10000106,2021-10-22 07:25:38.998000,123.3,5.0,123.6,1.0,123.25,1.0,123.75,1.0,122.55,5.0,124.0,2.0,122.0,1.0,124.35,5.0,120.5,1.0,125.2,5.0,120.1,2.0,125.4,1.0,120.0,3.0,126.76,1.0,119.75,1.0,126.9,5.0,119.3,2.0,127.2,1.0,109.0,2.0,127.4,2.0
156,Germany_Baseload#19#0#10000106,2021-10-22 07:25:43.417000,123.3,5.0,123.5,1.0,123.25,1.0,123.75,1.0,122.55,5.0,124.0,2.0,122.0,1.0,124.35,5.0,120.5,1.0,125.2,5.0,120.1,2.0,125.4,1.0,120.0,3.0,126.76,1.0,119.75,1.0,126.9,5.0,119.3,2.0,127.2,1.0,109.0,2.0,127.4,2.0
157,Germany_Baseload#19#0#10000106,2021-10-22 07:25:43.699000,123.3,5.0,123.5,1.0,123.25,1.0,123.75,1.0,122.5,5.0,124.0,2.0,122.0,1.0,124.3,5.0,120.5,1.0,125.2,5.0,120.1,2.0,125.4,1.0,120.0,3.0,126.76,1.0,119.75,1.0,126.9,5.0,119.3,2.0,127.2,1.0,109.0,2.0,127.4,2.0
158,Germany_Baseload#19#0#10000106,2021-10-22 07:26:26.893000,123.5,5.0,123.5,1.0,123.3,5.0,123.75,1.0,123.25,1.0,124.0,2.0,122.5,5.0,124.3,5.0,122.0,1.0,125.2,5.0,120.5,1.0,125.4,1.0,120.1,2.0,126.76,1.0,120.0,3.0,126.9,5.0,119.75,1.0,127.2,1.0,119.3,2.0,127.4,2.0
159,Germany_Baseload#19#0#10000106,2021-10-22 07:26:26.903000,123.5,5.0,123.5,1.0,123.3,5.0,123.75,1.0,123.25,1.0,124.0,2.0,122.6,5.0,124.3,5.0,122.0,1.0,125.2,5.0,120.5,1.0,125.4,1.0,120.1,2.0,126.76,1.0,120.0,3.0,126.9,5.0,119.75,1.0,127.2,1.0,119.3,2.0,127.4,2.0
160,Germany_Baseload#19#0#10000106,2021-10-22 07:26:26.904000,123.5,5.0,123.5,1.0,123.3,5.0,123.75,1.0,123.25,1.0,124.0,2.0,122.6,5.0,124.4,5.0,122.0,1.0,125.2,5.0,120.5,1.0,125.4,1.0,120.1,2.0,126.76,1.0,120.0,3.0,126.9,5.0,119.75,1.0,127.2,1.0,119.3,2.0,127.4,2.0
161,Germany_Baseload#19#0#10000106,2021-10-22 07:26:27.045000,123.5,5.0,123.51,1.0,123.3,5.0,123.75,1.0,123.25,1.0,124.0,2.0,122.6,5.0,124.4,5.0,122.0,1.0,125.2,5.0,120.5,1.0,125.4,1.0,120.1,2.0,126.76,1.0,120.0,3.0,126.9,5.0,119.75,1.0,127.2,1.0,119.3,2.0,127.4,2.0
162,Germany_Baseload#19#0#10000106,2021-10-22 07:26:27.116000,123.5,5.0,123.51,1.0,123.3,5.0,123.75,1.0,123.25,1.0,124.0,2.0,122.61,5.0,124.41,5.0,122.0,1.0,125.2,5.0,120.5,1.0,125.4,1.0,120.1,2.0,126.76,1.0,120.0,3.0,126.9,5.0,119.75,1.0,127.2,1.0,119.3,2.0,127.4,2.0
163,Germany_Baseload#19#0#10000106,2021-10-22 07:26:27.179000,123.5,5.0,123.51,1.0,123.3,5.0,123.75,1.0,123.25,1.0,124.0,2.0,122.61,5.0,124.41,5.0,122.0,1.0,125.2,5.0,120.1,2.0,125.4,1.0,120.0,3.0,126.76,1.0,119.75,1.0,126.9,5.0,119.3,2.0,127.2,1.0,109.0,2.0,127.4,2.0
164,Germany_Baseload#19#0#10000106,2021-10-22 07:26:28.827000,123.5,5.0,123.51,1.0,123.3,5.0,123.7,1.0,123.25,1.0,123.75,1.0,122.61,5.0,124.0,2.0,122.0,1.0,124.41,5.0,120.1,2.0,125.2,5.0,120.0,3.0,125.4,1.0,119.75,1.0,126.76,1.0,119.3,2.0,126.9,5.0,109.0,2.0,127.2,1.0
165,Germany_Baseload#19#0#10000106,2021-10-22 07:26:30.958000,123.3,5.0,123.51,1.0,123.25,1.0,123.7,1.0,122.61,5.0,123.75,1.0,122.0,1.0,124.0,2.0,120.1,2.0,124.41,5.0,120.0,3.0,125.2,5.0,119.75,1.0,125.4,1.0,119.3,2.0,126.76,1.0,109.0,2.0,126.9,5.0,108.0,1.0,127.2,1.0
166,Germany_Baseload#19#0#10000106,2021-10-22 07:26:30.969000,123.3,5.0,123.51,1.0,123.25,1.0,123.7,1.0,122.61,5.0,123.75,1.0,122.51,5.0,124.0,2.0,122.0,1.0,124.41,5.0,120.1,2.0,125.2,5.0,120.0,3.0,125.4,1.0,119.75,1.0,126.76,1.0,119.3,2.0,126.9,5.0,109.0,2.0,127.2,1.0
167,Germany_Baseload#19#0#10000106,2021-10-22 07:26:30.970000,123.3,5.0,123.51,1.0,123.25,1.0,123.7,1.0,122.51,5.0,123.75,1.0,122.0,1.0,124.0,2.0,120.1,2.0,124.31,5.0,120.0,3.0,125.2,5.0,119.75,1.0,125.4,1.0,119.3,2.0,126.76,1.0,109.0,2.0,126.9,5.0,108.0,1.0,127.2,1.0
168,Germany_Baseload#19#0#10000106,2021-10-22 07:26:31.107000,123.3,5.0,123.5,1.0,123.25,1.0,123.7,1.0,122.51,5.0,123.75,1.0,122.0,1.0,124.0,2.0,120.1,2.0,124.31,5.0,120.0,3.0,125.2,5.0,119.75,1.0,125.4,1.0,119.3,2.0,126.76,1.0,109.0,2.0,126.9,5.0,108.0,1.0,127.2,1.0
169,Germany_Baseload#19#0#10000106,2021-10-22 07:26:31.256000,123.3,5.0,123.5,1.0,123.25,1.0,123.7,1.0,122.5,5.0,123.75,1.0,122.0,1.0,124.0,2.0,120.1,2.0,124.3,5.0,120.0,3.0,125.2,5.0,119.75,1.0,125.4,1.0,119.3,2.0,126.76,1.0,109.0,2.0,126.9,5.0,108.0,1.0,127.2,1.0
170,Germany_Baseload#19#0#10000106,2021-10-22 07:26:38.676000,123.35,5.0,123.5,1.0,123.25,1.0,123.7,1.0,122.5,5.0,123.75,1.0,122.0,1.0,124.0,2.0,120.1,2.0,124.3,5.0,120.0,3.0,125.2,5.0,119.75,1.0,125.4,1.0,119.3,2.0,126.76,1.0,109.0,2.0,126.9,5.0,108.0,1.0,127.2,1.0
171,Germany_Baseload#19#0#10000106,2021-10-22 07:26:38.687000,123.35,5.0,123.5,1.0,123.25,1.0,123.7,1.0,122.53,5.0,123.75,1.0,122.0,1.0,124.0,2.0,120.1,2.0,124.3,5.0,120.0,3.0,124.33,5.0,119.75,1.0,125.2,5.0,119.3,2.0,125.4,1.0,109.0,2.0,126.76,1.0,108.0,1.0,126.9,5.0
172,Germany_Baseload#19#0#10000106,2021-10-22 07:26:38.688000,123.35,5.0,123.5,1.0,123.25,1.0,123.7,1.0,122.53,5.0,123.75,1.0,122.0,1.0,124.0,2.0,120.1,2.0,124.33,5.0,120.0,3.0,125.2,5.0,119.75,1.0,125.4,1.0,119.3,2.0,126.76,1.0,109.0,2.0,126.9,5.0,108.0,1.0,127.2,1.0
173,Germany_Baseload#19#0#10000106,2021-10-22 07:26:40.637000,123.35,5.0,123.5,1.0,123.25,1.0,123.7,1.0,122.53,5.0,123.75,1.0,122.0,1.0,124.0,2.0,120.1,2.0,124.33,5.0,120.0,3.0,125.2,5.0,119.75,1.0,125.4,1.0,119.3,2.0,126.76,1.0,109.0,2.0,126.9,5.0,108.0,1.0,127.2,1.0
174,Germany_Baseload#19#0#10000106,2021-10-22 07:26:44.557000,123.35,5.0,123.5,6.0,123.25,1.0,123.7,1.0,122.53,5.0,123.75,1.0,122.0,1.0,124.0,2.0,120.1,2.0,124.33,5.0,120.0,3.0,125.2,5.0,119.75,1.0,125.4,1.0,119.3,2.0,126.76,1.0,109.0,2.0,126.9,5.0,108.0,1.0,127.2,1.0
175,Germany_Baseload#19#0#10000106,2021-10-22 07:26:55.061000,123.35,5.0,123.5,7.0,123.25,1.0,123.7,1.0,122.53,5.0,123.75,1.0,122.0,1.0,124.0,2.0,120.1,2.0,124.33,5.0,120.0,3.0,125.2,5.0,119.75,1.0,125.4,1.0,119.3,2.0,126.76,1.0,109.0,2.0,126.9,5.0,108.0,1.0,127.2,1.0
176,Germany_Baseload#19#0#10000106,2021-10-22 07:26:55.062000,123.35,5.0,123.5,7.0,123.25,1.0,123.75,1.0,122.53,5.0,124.0,2.0,122.0,1.0,124.33,5.0,120.1,2.0,125.2,5.0,120.0,3.0,125.4,1.0,119.75,1.0,126.76,1.0,119.3,2.0,126.9,5.0,109.0,2.0,127.2,1.0,108.0,1.0,127.4,2.0
177,Germany_Baseload#19#0#10000106,2021-10-22 07:26:56.601000,123.35,4.0,123.5,7.0,123.25,1.0,123.75,1.0,122.53,5.0,124.0,2.0,122.0,1.0,124.33,5.0,120.1,2.0,125.2,5.0,120.0,3.0,125.4,1.0,119.75,1.0,126.76,1.0,119.3,2.0,126.9,5.0,109.0,2.0,127.2,1.0,108.0,1.0,127.4,2.0
178,Germany_Baseload#19#0#10000106,2021-10-22 07:27:16.751000,123.35,5.0,123.5,7.0,123.25,2.0,123.75,1.0,122.53,5.0,124.0,2.0,122.0,1.0,124.33,5.0,120.1,2.0,125.2,5.0,120.0,3.0,125.4,1.0,119.75,1.0,126.76,1.0,119.3,2.0,126.9,5.0,109.0,2.0,127.2,1.0,108.0,1.0,127.4,2.0
179,Germany_Baseload#19#0#10000106,2021-10-22 07:28:08.470000,123.35,5.0,123.5,6.0,123.25,2.0,123.75,1.0,122.53,5.0,124.0,2.0,122.0,1.0,124.33,5.0,120.1,2.0,125.2,5.0,120.0,3.0,125.4,1.0,119.75,1.0,126.76,1.0,119.3,2.0,126.9,5.0,109.0,2.0,127.2,1.0,108.0,1.0,127.4,2.0
180,Germany_Baseload#19#0#10000106,2021-10-22 07:28:14.547000,123.35,4.0,123.5,6.0,123.25,2.0,123.75,1.0,122.53,5.0,124.0,2.0,122.0,1.0,124.33,5.0,120.1,2.0,125.2,5.0,120.0,3.0,125.4,1.0,119.75,1.0,126.76,1.0,119.3,2.0,126.9,5.0,109.0,2.0,127.2,1.0,108.0,1.0,127.4,2.0
181,Germany_Baseload#19#0#10000106,2021-10-22 07:29:32.260000,123.35,3.0,123.5,6.0,123.25,2.0,123.75,1.0,122.53,5.0,124.0,2.0,122.0,1.0,124.33,5.0,120.1,2.0,125.2,5.0,120.0,3.0,125.4,1.0,119.75,1.0,126.76,1.0,119.3,2.0,126.9,5.0,109.0,2.0,127.2,1.0,108.0,1.0,127.4,2.0
182,Germany_Baseload#19#0#10000106,2021-10-22 07:29:34.433000,123.35,3.0,123.5,6.0,123.25,2.0,123.75,1.0,122.53,5.0,124.0,1.0,122.0,1.0,124.33,5.0,120.1,2.0,125.2,5.0,120.0,3.0,125.4,1.0,119.75,1.0,126.76,1.0,119.3,2.0,126.9,5.0,109.0,2.0,127.2,1.0,108.0,1.0,127.4,2.0
183,Germany_Baseload#19#0#10000106,2021-10-22 07:30:18.958000,123.35,3.0,123.5,4.0,123.25,2.0,123.75,1.0,122.53,5.0,124.0,1.0,122.0,1.0,124.33,5.0,120.1,2.0,125.2,5.0,120.0,3.0,125.4,1.0,119.75,1.0,126.76,1.0,119.3,2.0,126.9,5.0,109.0,2.0,127.2,1.0,108.0,1.0,127.4,2.0
184,Germany_Baseload#19#0#10000106,2021-10-22 07:30:24.603000,123.5,1.0,123.5,4.0,123.35,3.0,123.75,1.0,123.25,2.0,124.0,1.0,122.53,5.0,124.33,5.0,122.0,1.0,125.2,5.0,120.1,2.0,125.4,1.0,120.0,3.0,126.76,1.0,119.75,1.0,126.9,5.0,119.3,2.0,127.2,1.0,109.0,2.0,127.4,2.0
185,Germany_Baseload#19#0#10000106,2021-10-22 07:30:24.675000,123.35,3.0,123.5,3.0,123.25,2.0,123.51,1.0,122.53,5.0,123.75,1.0,122.0,1.0,124.0,1.0,120.1,2.0,124.33,5.0,120.0,3.0,125.2,5.0,119.75,1.0,125.4,1.0,119.3,2.0,126.76,1.0,109.0,2.0,126.9,5.0,108.0,1.0,127.2,1.0
186,Germany_Baseload#19#0#10000106,2021-10-22 07:30:24.678000,123.35,3.0,123.5,4.0,123.25,2.0,123.75,1.0,122.53,5.0,124.0,1.0,122.0,1.0,124.33,5.0,120.1,2.0,125.2,5.0,120.0,3.0,125.4,1.0,119.75,1.0,126.76,1.0,119.3,2.0,126.9,5.0,109.0,2.0,127.2,1.0,108.0,1.0,127.4,2.0
187,Germany_Baseload#19#0#10000106,2021-10-22 07:30:24.796000,123.35,3.0,123.5,4.0,123.25,2.0,123.51,1.0,122.53,5.0,123.75,1.0,122.0,1.0,124.0,1.0,120.1,2.0,124.33,5.0,120.0,3.0,125.2,5.0,119.75,1.0,125.4,1.0,119.3,2.0,126.76,1.0,109.0,2.0,126.9,5.0,108.0,1.0,127.2,1.0
188,Germany_Baseload#19#0#10000106,2021-10-22 07:30:24.979000,123.35,3.0,123.5,3.0,123.25,2.0,123.51,1.0,122.6,5.0,123.75,1.0,122.53,5.0,124.0,1.0,122.0,1.0,124.33,5.0,120.1,2.0,125.2,5.0,120.0,3.0,125.4,1.0,119.75,1.0,126.76,1.0,119.3,2.0,126.9,5.0,109.0,2.0,127.2,1.0
189,Germany_Baseload#19#0#10000106,2021-10-22 07:30:24.980000,123.35,3.0,123.5,3.0,123.25,2.0,123.51,1.0,122.6,5.0,123.75,1.0,122.0,1.0,124.0,1.0,120.1,2.0,124.4,5.0,120.0,3.0,125.2,5.0,119.75,1.0,125.4,1.0,119.3,2.0,126.76,1.0,109.0,2.0,126.9,5.0,108.0,1.0,127.2,1.0
190,Germany_Baseload#19#0#10000106,2021-10-22 07:30:25.196000,123.35,3.0,123.5,1.0,123.25,2.0,123.75,1.0,122.53,5.0,124.0,1.0,122.0,1.0,124.4,5.0,120.1,2.0,125.2,5.0,120.0,3.0,125.4,1.0,119.75,1.0,126.76,1.0,119.3,2.0,126.9,5.0,109.0,2.0,127.2,1.0,108.0,1.0,127.4,2.0
191,Germany_Baseload#19#0#10000106,2021-10-22 07:30:25.197000,123.35,3.0,123.5,4.0,123.25,2.0,123.75,1.0,122.53,5.0,124.0,1.0,122.0,1.0,124.33,5.0,120.1,2.0,125.2,5.0,120.0,3.0,125.4,1.0,119.75,1.0,126.76,1.0,119.3,2.0,126.9,5.0,109.0,2.0,127.2,1.0,108.0,1.0,127.4,2.0
192,Germany_Baseload#19#0#10000106,2021-10-22 07:30:25.326000,123.35,3.0,123.5,1.0,123.25,2.0,123.75,1.0,122.6,5.0,124.0,1.0,122.0,1.0,124.4,5.0,120.1,2.0,125.2,5.0,120.0,3.0,125.4,1.0,119.75,1.0,126.76,1.0,119.3,2.0,126.9,5.0,109.0,2.0,127.2,1.0,108.0,1.0,127.4,2.0
193,Germany_Baseload#19#0#10000106,2021-10-22 07:30:27.675000,123.35,3.0,123.5,1.0,123.25,2.0,123.75,1.0,122.53,5.0,124.0,1.0,122.0,1.0,124.33,5.0,120.1,2.0,125.2,5.0,120.0,3.0,125.4,1.0,119.75,1.0,126.76,1.0,119.3,2.0,126.9,5.0,109.0,2.0,127.2,1.0,108.0,1.0,127.4,2.0
194,Germany_Baseload#19#0#10000106,2021-10-22 07:30:37.017000,123.35,3.0,123.5,1.0,123.25,2.0,124.0,1.0,122.53,5.0,124.33,5.0,122.0,1.0,125.2,5.0,120.1,2.0,125.4,1.0,120.0,3.0,126.76,1.0,119.75,1.0,126.9,5.0,119.3,2.0,127.2,1.0,109.0,2.0,127.4,2.0,108.0,1.0,128.0,1.0
195,Germany_Baseload#19#0#10000106,2021-10-22 07:30:44.776000,123.35,2.0,123.5,1.0,123.25,2.0,124.0,1.0,122.53,5.0,124.33,5.0,122.0,1.0,125.2,5.0,120.1,2.0,125.4,1.0,120.0,3.0,126.76,1.0,119.75,1.0,126.9,5.0,119.3,2.0,127.2,1.0,109.0,2.0,127.4,2.0,108.0,1.0,128.0,1.0
196,Germany_Baseload#19#0#10000106,2021-10-22 07:30:55.525000,123.5,1.0,123.5,1.0,123.35,2.0,124.0,1.0,123.25,2.0,124.33,5.0,122.53,5.0,125.2,5.0,122.0,1.0,125.4,1.0,120.1,2.0,126.76,1.0,120.0,3.0,126.9,5.0,119.75,1.0,127.2,1.0,119.3,2.0,127.4,2.0,109.0,2.0,128.0,1.0
197,Germany_Baseload#19#0#10000106,2021-10-22 07:30:55.703000,123.5,1.0,123.51,1.0,123.35,2.0,124.0,1.0,123.25,2.0,124.33,5.0,122.53,5.0,125.2,5.0,122.0,1.0,125.4,1.0,120.1,2.0,126.76,1.0,120.0,3.0,126.9,5.0,119.75,1.0,127.2,1.0,119.3,2.0,127.4,2.0,109.0,2.0,128.0,1.0
198,Germany_Baseload#19#0#10000106,2021-10-22 07:30:56.022000,123.5,1.0,123.51,1.0,123.35,2.0,124.0,1.0,123.25,2.0,124.33,5.0,122.6,5.0,124.4,5.0,122.0,1.0,125.2,5.0,120.1,2.0,125.4,1.0,120.0,3.0,126.76,1.0,119.75,1.0,126.9,5.0,119.3,2.0,127.2,1.0,109.0,2.0,127.4,2.0
199,Germany_Baseload#19#0#10000106,2021-10-22 07:30:56.023000,123.5,1.0,123.51,1.0,123.35,2.0,124.0,1.0,123.25,2.0,124.41,5.0,122.61,5.0,125.2,5.0,122.0,1.0,125.4,1.0,120.1,2.0,126.76,1.0,120.0,3.0,126.9,5.0,119.75,1.0,127.2,1.0,119.3,2.0,127.4,2.0,109.0,2.0,128.0,1.0
200,Germany_Baseload#19#0#10000106,2021-10-22 07:31:01.755000,123.5,1.0,123.51,1.0,123.35,2.0,123.75,5.0,123.25,2.0,124.0,1.0,122.61,5.0,124.41,5.0,122.0,1.0,125.2,5.0,120.1,2.0,125.4,1.0,120.0,3.0,126.76,1.0,119.75,1.0,126.9,5.0,119.3,2.0,127.2,1.0,109.0,2.0,127.4,2.0
201,Germany_Baseload#19#0#10000106,2021-10-22 07:31:03.046000,123.51,1.0,123.51,1.0,123.35,2.0,123.75,5.0,123.25,2.0,124.0,1.0,122.61,5.0,124.41,5.0,122.0,1.0,125.2,5.0,120.1,2.0,125.4,1.0,120.0,3.0,126.76,1.0,119.75,1.0,126.9,5.0,119.3,2.0,127.2,1.0,109.0,2.0,127.4,2.0
202,Germany_Baseload#19#0#10000106,2021-10-22 07:31:03.208000,123.51,1.0,123.52,1.0,123.35,2.0,123.75,5.0,123.25,2.0,124.0,1.0,122.61,5.0,124.41,5.0,122.0,1.0,125.2,5.0,120.1,2.0,125.4,1.0,120.0,3.0,126.76,1.0,119.75,1.0,126.9,5.0,119.3,2.0,127.2,1.0,109.0,2.0,127.4,2.0
203,Germany_Baseload#19#0#10000106,2021-10-22 07:31:03.512000,123.51,1.0,123.52,1.0,123.35,2.0,123.75,5.0,123.25,2.0,124.0,1.0,122.62,5.0,124.42,5.0,122.0,1.0,125.2,5.0,120.1,2.0,125.4,1.0,120.0,3.0,126.76,1.0,119.75,1.0,126.9,5.0,119.3,2.0,127.2,1.0,109.0,2.0,127.4,2.0
204,Germany_Baseload#19#0#10000106,2021-10-22 07:31:06.826000,123.51,1.0,123.75,5.0,123.35,2.0,124.0,1.0,123.25,2.0,124.42,5.0,122.62,5.0,125.2,5.0,122.0,1.0,125.4,1.0,120.1,2.0,126.76,1.0,120.0,3.0,126.9,5.0,119.75,1.0,127.2,1.0,119.3,2.0,127.4,2.0,109.0,2.0,128.0,1.0
205,Germany_Baseload#19#0#10000106,2021-10-22 07:31:07.124000,123.51,1.0,123.75,5.0,123.35,2.0,124.0,1.0,123.25,2.0,124.42,5.0,122.73,5.0,125.2,5.0,122.0,1.0,125.4,1.0,120.1,2.0,126.76,1.0,120.0,3.0,126.9,5.0,119.75,1.0,127.2,1.0,119.3,2.0,127.4,2.0,109.0,2.0,128.0,1.0
206,Germany_Baseload#19#0#10000106,2021-10-22 07:31:07.125000,123.51,1.0,123.75,5.0,123.35,2.0,124.0,1.0,123.25,2.0,124.53,5.0,122.73,5.0,125.2,5.0,122.0,1.0,125.4,1.0,120.1,2.0,126.76,1.0,120.0,3.0,126.9,5.0,119.75,1.0,127.2,1.0,119.3,2.0,127.4,2.0,109.0,2.0,128.0,1.0
207,Germany_Baseload#19#0#10000106,2021-10-22 07:31:07.971000,123.51,1.0,123.75,3.0,123.35,2.0,124.0,1.0,123.25,2.0,124.53,5.0,122.73,5.0,125.2,5.0,122.0,1.0,125.4,1.0,120.1,2.0,126.76,1.0,120.0,3.0,126.9,5.0,119.75,1.0,127.2,1.0,119.3,2.0,127.4,2.0,109.0,2.0,128.0,1.0
208,Germany_Baseload#19#0#10000106,2021-10-22 07:31:11.234000,123.6,1.0,123.75,3.0,123.35,2.0,124.0,1.0,123.25,2.0,124.53,5.0,122.73,5.0,125.2,5.0,122.0,1.0,125.4,1.0,120.1,2.0,126.76,1.0,120.0,3.0,126.9,5.0,119.75,1.0,127.2,1.0,119.3,2.0,127.4,2.0,109.0,2.0,128.0,1.0
209,Germany_Baseload#19#0#10000106,2021-10-22 07:31:11.326000,123.6,1.0,123.75,2.0,123.35,2.0,124.0,1.0,123.25,2.0,124.53,5.0,122.73,5.0,125.2,5.0,122.0,1.0,125.4,1.0,120.1,2.0,126.76,1.0,120.0,3.0,126.9,5.0,119.75,1.0,127.2,1.0,119.3,2.0,127.4,2.0,109.0,2.0,128.0,1.0
210,Germany_Baseload#19#0#10000106,2021-10-22 07:31:11.727000,123.6,1.0,123.75,2.0,123.35,2.0,124.0,1.0,123.25,2.0,124.58,5.0,122.78,5.0,125.2,5.0,122.0,1.0,125.4,1.0,120.1,2.0,126.76,1.0,120.0,3.0,126.9,5.0,119.75,1.0,127.2,1.0,119.3,2.0,127.4,2.0,109.0,2.0,128.0,1.0
211,Germany_Baseload#19#0#10000106,2021-10-22 07:31:12.204000,123.6,1.0,124.0,1.0,123.35,2.0,124.58,5.0,123.25,2.0,125.2,5.0,122.78,5.0,125.4,1.0,122.0,1.0,126.76,1.0,120.1,2.0,126.9,5.0,120.0,3.0,127.2,1.0,119.75,1.0,127.4,2.0,119.3,2.0,128.0,1.0,109.0,2.0,129.9,2.0
212,Germany_Baseload#19#0#10000106,2021-10-22 07:31:12.215000,123.6,1.0,124.0,1.0,123.35,2.0,124.58,5.0,123.25,2.0,125.2,5.0,122.9,5.0,125.4,1.0,122.78,5.0,126.76,1.0,122.0,1.0,126.9,5.0,120.1,2.0,127.2,1.0,120.0,3.0,127.4,2.0,119.75,1.0,128.0,1.0,119.3,2.0,129.9,2.0
213,Germany_Baseload#19#0#10000106,2021-10-22 07:31:12.216000,123.6,1.0,124.0,1.0,123.35,2.0,124.7,5.0,123.25,2.0,125.2,5.0,122.9,5.0,125.4,1.0,122.0,1.0,126.76,1.0,120.1,2.0,126.9,5.0,120.0,3.0,127.2,1.0,119.75,1.0,127.4,2.0,119.3,2.0,128.0,1.0,109.0,2.0,129.9,2.0
214,Germany_Baseload#19#0#10000106,2021-10-22 07:31:16.498000,123.6,1.0,124.7,5.0,123.35,2.0,125.2,5.0,123.25,2.0,125.4,1.0,122.9,5.0,126.76,1.0,122.0,1.0,126.9,5.0,120.1,2.0,127.2,1.0,120.0,3.0,127.4,2.0,119.75,1.0,128.0,1.0,119.3,2.0,129.9,2.0,109.0,2.0,130.0,3.0
215,Germany_Baseload#19#0#10000106,2021-10-22 07:31:16.508000,123.6,1.0,125.05,5.0,123.35,2.0,125.2,5.0,123.25,5.0,125.4,1.0,122.0,1.0,126.76,1.0,120.1,2.0,126.9,5.0,120.0,3.0,127.2,1.0,119.75,1.0,127.4,2.0,119.3,2.0,128.0,1.0,109.0,2.0,129.9,2.0,108.0,1.0,130.0,3.0
216,Germany_Baseload#19#0#10000106,2021-10-22 07:31:16.509000,123.6,1.0,125.0,1.0,123.35,2.0,125.05,5.0,123.25,5.0,125.2,5.0,122.0,1.0,125.4,1.0,120.1,2.0,126.76,1.0,120.0,3.0,126.9,5.0,119.75,1.0,127.2,1.0,119.3,2.0,127.4,2.0,109.0,2.0,128.0,1.0,108.0,1.0,129.9,2.0
217,Germany_Baseload#19#0#10000106,2021-10-22 07:31:16.529000,123.6,1.0,125.05,5.0,123.35,2.0,125.2,5.0,123.25,5.0,125.4,1.0,122.0,1.0,126.76,1.0,120.1,2.0,126.9,5.0,120.0,3.0,127.2,1.0,119.75,1.0,127.4,2.0,119.3,2.0,128.0,1.0,109.0,2.0,129.9,2.0,108.0,1.0,130.0,3.0
218,Germany_Baseload#19#0#10000106,2021-10-22 07:31:16.561000,123.6,1.0,125.05,5.0,123.4,5.0,125.2,5.0,123.35,2.0,125.4,1.0,123.25,2.0,126.76,1.0,122.0,1.0,126.9,5.0,120.1,2.0,127.2,1.0,120.0,3.0,127.4,2.0,119.75,1.0,128.0,1.0,119.3,2.0,129.9,2.0,109.0,2.0,130.0,3.0
219,Germany_Baseload#19#0#10000106,2021-10-22 07:31:16.562000,123.6,1.0,125.2,10.0,123.4,5.0,125.4,1.0,123.35,2.0,126.76,1.0,123.25,2.0,126.9,5.0,122.0,1.0,127.2,1.0,120.1,2.0,127.4,2.0,120.0,3.0,128.0,1.0,119.75,1.0,129.9,2.0,119.3,2.0,130.0,3.0,109.0,2.0,,
220,Germany_Baseload#19#0#10000106,2021-10-22 07:31:16.681000,123.6,1.0,125.2,5.0,123.5,5.0,125.3,5.0,123.35,2.0,125.4,1.0,123.25,2.0,126.76,1.0,122.0,1.0,126.9,5.0,120.1,2.0,127.2,1.0,120.0,3.0,127.4,2.0,119.75,1.0,128.0,1.0,119.3,2.0,129.9,2.0,109.0,2.0,130.0,3.0
221,Germany_Baseload#19#0#10000106,2021-10-22 07:31:24.593000,123.6,1.0,125.0,1.0,123.5,5.0,125.2,5.0,123.35,2.0,125.3,5.0,123.25,2.0,125.4,1.0,122.0,1.0,126.76,1.0,120.1,2.0,126.9,5.0,120.0,3.0,127.2,1.0,119.75,1.0,127.4,2.0,119.3,2.0,128.0,1.0,109.0,2.0,129.9,2.0
222,Germany_Baseload#19#0#10000106,2021-10-22 07:31:24.820000,123.6,1.0,125.0,1.0,123.4,5.0,125.2,10.0,123.35,2.0,125.4,1.0,123.25,2.0,126.76,1.0,122.0,1.0,126.9,5.0,120.1,2.0,127.2,1.0,120.0,3.0,127.4,2.0,119.75,1.0,128.0,1.0,119.3,2.0,129.9,2.0,109.0,2.0,130.0,3.0
223,Germany_Baseload#19#0#10000106,2021-10-22 07:31:41.831000,123.75,1.0,125.0,1.0,123.4,5.0,125.2,10.0,123.35,2.0,125.4,1.0,123.25,2.0,126.76,1.0,122.0,1.0,126.9,5.0,120.1,2.0,127.2,1.0,120.0,3.0,127.4,2.0,119.75,1.0,128.0,1.0,119.3,2.0,129.9,2.0,109.0,2.0,130.0,3.0
224,Germany_Baseload#19#0#10000106,2021-10-22 07:31:42.089000,123.75,1.0,125.0,1.0,123.48,5.0,125.2,5.0,123.35,2.0,125.28,5.0,123.25,2.0,125.4,1.0,122.0,1.0,126.76,1.0,120.1,2.0,126.9,5.0,120.0,3.0,127.2,1.0,119.75,1.0,127.4,2.0,119.3,2.0,128.0,1.0,109.0,2.0,129.9,2.0
225,Germany_Baseload#19#0#10000106,2021-10-22 07:31:44.263000,123.75,1.0,125.0,1.0,123.48,5.0,125.15,1.0,123.35,2.0,125.2,5.0,123.25,2.0,125.28,5.0,122.0,1.0,126.76,1.0,120.1,2.0,126.9,5.0,120.0,3.0,127.2,1.0,119.75,1.0,127.4,2.0,119.3,2.0,128.0,1.0,109.0,2.0,129.9,2.0
226,Germany_Baseload#19#0#10000106,2021-10-22 07:31:51.435000,123.75,1.0,124.5,5.0,123.48,5.0,125.0,1.0,123.35,2.0,125.15,1.0,123.25,2.0,125.2,5.0,122.0,1.0,125.28,5.0,120.1,2.0,126.76,1.0,120.0,3.0,126.9,5.0,119.75,1.0,127.2,1.0,119.3,2.0,127.4,2.0,109.0,2.0,128.0,1.0
227,Germany_Baseload#19#0#10000106,2021-10-22 07:31:51.448000,123.75,1.0,124.5,5.0,123.35,2.0,125.0,1.0,123.25,2.0,125.03,5.0,123.23,5.0,125.15,1.0,122.0,1.0,125.2,5.0,120.1,2.0,125.28,5.0,120.0,3.0,126.76,1.0,119.75,1.0,126.9,5.0,119.3,2.0,127.2,1.0,109.0,2.0,127.4,2.0
228,Germany_Baseload#19#0#10000106,2021-10-22 07:31:51.449000,123.75,1.0,124.5,5.0,123.35,2.0,125.0,1.0,123.25,2.0,125.03,5.0,123.23,5.0,125.15,1.0,122.0,1.0,125.2,5.0,120.1,2.0,126.76,1.0,120.0,3.0,126.9,5.0,119.75,1.0,127.2,1.0,119.3,2.0,127.4,2.0,109.0,2.0,128.0,1.0
229,Germany_Baseload#19#0#10000106,2021-10-22 07:32:24.285000,123.35,2.0,124.5,5.0,123.25,2.0,125.0,1.0,123.23,5.0,125.03,5.0,122.0,1.0,125.15,1.0,120.1,2.0,125.2,5.0,120.0,3.0,126.76,1.0,119.75,1.0,126.9,5.0,119.3,2.0,127.2,1.0,109.0,2.0,127.4,2.0,108.0,1.0,128.0,1.0
230,Germany_Baseload#19#0#10000106,2021-10-22 07:32:24.549000,123.35,2.0,124.5,5.0,123.25,2.0,124.83,5.0,123.03,5.0,125.0,1.0,122.0,1.0,125.15,1.0,120.1,2.0,125.2,5.0,120.0,3.0,126.76,1.0,119.75,1.0,126.9,5.0,119.3,2.0,127.2,1.0,109.0,2.0,127.4,2.0,108.0,1.0,128.0,1.0
231,Germany_Baseload#19#0#10000106,2021-10-22 07:32:37.342000,123.35,2.0,124.5,5.0,123.25,2.0,124.83,5.0,123.03,5.0,125.0,1.0,122.0,1.0,125.15,1.0,120.1,2.0,125.2,5.0,120.0,3.0,125.4,1.0,119.75,1.0,126.76,1.0,119.3,2.0,126.9,5.0,109.0,2.0,127.2,1.0,108.0,1.0,127.4,2.0
232,Germany_Baseload#19#0#10000106,2021-10-22 07:32:37.343000,123.35,2.0,124.5,5.0,123.25,2.0,124.83,5.0,123.03,5.0,125.0,1.0,122.0,1.0,125.2,5.0,120.1,2.0,125.4,1.0,120.0,3.0,126.76,1.0,119.75,1.0,126.9,5.0,119.3,2.0,127.2,1.0,109.0,2.0,127.4,2.0,108.0,1.0,128.0,1.0
233,Germany_Baseload#19#0#10000106,2021-10-22 07:32:42.159000,123.35,2.0,124.5,5.0,123.25,2.0,124.83,5.0,123.03,5.0,125.0,1.0,122.0,1.0,125.2,5.0,120.1,2.0,125.4,1.0,120.0,3.0,126.76,1.0,119.75,1.0,126.9,5.0,119.3,2.0,127.2,1.0,109.0,2.0,127.4,2.0,108.0,1.0,128.0,1.0
234,Germany_Baseload#19#0#10000106,2021-10-22 07:32:43.131000,123.35,2.0,124.5,5.0,123.25,2.0,124.6,5.0,123.03,5.0,124.83,5.0,122.0,1.0,125.0,1.0,120.1,2.0,125.2,5.0,120.0,3.0,125.4,1.0,119.75,1.0,126.76,1.0,119.3,2.0,126.9,5.0,109.0,2.0,127.2,1.0,108.0,1.0,127.4,2.0
235,Germany_Baseload#19#0#10000106,2021-10-22 07:33:35.389000,123.35,2.0,124.5,5.0,123.25,2.0,124.6,5.0,123.03,5.0,124.83,5.0,122.0,1.0,125.2,5.0,120.1,2.0,125.4,1.0,120.0,3.0,126.76,1.0,119.75,1.0,126.9,5.0,119.3,2.0,127.2,1.0,109.0,2.0,127.4,2.0,108.0,1.0,128.0,1.0
236,Germany_Baseload#19#0#10000106,2021-10-22 07:33:35.422000,123.35,2.0,124.5,6.0,123.25,2.0,124.6,5.0,123.03,5.0,124.83,5.0,122.0,1.0,125.2,5.0,120.1,2.0,125.4,1.0,120.0,3.0,126.76,1.0,119.75,1.0,126.9,5.0,119.3,2.0,127.2,1.0,109.0,2.0,127.4,2.0,108.0,1.0,128.0,1.0
237,Germany_Baseload#19#0#10000106,2021-10-22 07:33:46.978000,123.35,2.0,124.5,5.0,123.25,2.0,124.6,5.0,123.03,5.0,124.83,5.0,122.0,1.0,125.2,5.0,120.1,2.0,125.4,1.0,120.0,3.0,126.76,1.0,119.75,1.0,126.9,5.0,119.3,2.0,127.2,1.0,109.0,2.0,127.4,2.0,108.0,1.0,128.0,1.0
238,Germany_Baseload#19#0#10000106,2021-10-22 07:33:47.017000,123.35,2.0,124.45,1.0,123.25,2.0,124.5,5.0,123.03,5.0,124.6,5.0,122.0,1.0,124.83,5.0,120.1,2.0,125.2,5.0,120.0,3.0,125.4,1.0,119.75,1.0,126.76,1.0,119.3,2.0,126.9,5.0,109.0,2.0,127.2,1.0,108.0,1.0,127.4,2.0
239,Germany_Baseload#19#0#10000106,2021-10-22 07:33:47.023000,123.35,2.0,124.45,1.0,123.25,2.0,124.5,5.0,123.0,5.0,124.6,1.0,122.0,1.0,124.8,5.0,120.1,2.0,125.2,5.0,120.0,3.0,125.4,1.0,119.75,1.0,126.76,1.0,119.3,2.0,126.9,5.0,109.0,2.0,127.2,1.0,108.0,1.0,127.4,2.0
240,Germany_Baseload#19#0#10000106,2021-10-22 07:33:47.210000,123.35,2.0,124.45,1.0,123.25,2.0,124.5,5.0,123.03,5.0,124.6,1.0,122.0,1.0,124.83,5.0,120.1,2.0,125.2,5.0,120.0,3.0,125.4,1.0,119.75,1.0,126.76,1.0,119.3,2.0,126.9,5.0,109.0,2.0,127.2,1.0,108.0,1.0,127.4,2.0
241,Germany_Baseload#19#0#10000106,2021-10-22 07:33:51.877000,123.5,5.0,124.45,1.0,123.35,2.0,124.5,5.0,123.25,2.0,124.6,1.0,123.0,5.0,124.8,5.0,122.0,1.0,125.2,5.0,120.1,2.0,125.4,1.0,120.0,3.0,126.76,1.0,119.75,1.0,126.9,5.0,119.3,2.0,127.2,1.0,109.0,2.0,127.4,2.0
242,Germany_Baseload#19#0#10000106,2021-10-22 07:33:51.892000,123.5,5.0,124.45,1.0,123.35,2.0,124.5,5.0,123.25,2.0,124.6,1.0,123.08,5.0,124.88,5.0,122.0,1.0,125.2,5.0,120.1,2.0,125.4,1.0,120.0,3.0,126.76,1.0,119.75,1.0,126.9,5.0,119.3,2.0,127.2,1.0,109.0,2.0,127.4,2.0
243,Germany_Baseload#19#0#10000106,2021-10-22 07:34:02.078000,123.5,5.0,124.45,1.0,123.35,2.0,124.5,5.0,123.25,2.0,124.55,1.0,123.08,5.0,124.88,5.0,122.0,1.0,125.2,5.0,120.1,2.0,125.4,1.0,120.0,3.0,126.76,1.0,119.75,1.0,126.9,5.0,119.3,2.0,127.2,1.0,109.0,2.0,127.4,2.0
244,Germany_Baseload#19#0#10000106,2021-10-22 07:34:08.076000,123.5,5.0,124.45,1.0,123.4,5.0,124.5,5.0,123.35,2.0,124.55,1.0,123.25,2.0,124.88,5.0,123.08,5.0,125.2,5.0,122.0,1.0,125.4,1.0,120.1,2.0,126.76,1.0,120.0,3.0,126.9,5.0,119.75,1.0,127.2,1.0,119.3,2.0,127.4,2.0
245,Germany_Baseload#19#0#10000106,2021-10-22 07:34:32.228000,123.75,1.0,124.0,3.0,123.65,1.0,124.25,1.0,123.5,2.0,124.35,1.0,123.25,1.0,124.78,5.0,122.98,5.0,125.2,5.0,122.75,1.0,125.4,1.0,122.0,1.0,125.85,5.0,121.85,5.0,125.9,1.0,120.1,2.0,126.76,1.0,120.0,2.0,126.9,5.0
246,Germany_Baseload#19#0#10000106,2021-10-22 07:34:32.502000,123.5,5.0,124.0,5.0,123.4,5.0,124.45,1.0,123.35,2.0,124.5,5.0,123.25,2.0,124.55,1.0,122.85,5.0,124.65,5.0,122.0,1.0,125.2,5.0,120.1,2.0,125.4,1.0,120.0,3.0,126.76,1.0,119.75,1.0,126.9,5.0,119.3,2.0,127.2,1.0
247,Germany_Baseload#19#0#10000106,2021-10-22 07:34:41.982000,123.5,5.0,124.0,5.0,123.4,5.0,124.5,5.0,123.35,2.0,124.55,1.0,123.25,2.0,124.65,5.0,122.85,5.0,125.2,5.0,122.0,1.0,125.4,1.0,120.1,2.0,126.76,1.0,120.0,3.0,126.9,5.0,119.75,1.0,127.2,1.0,119.3,2.0,127.4,2.0
248,Germany_Baseload#19#0#10000106,2021-10-22 07:34:42.016000,123.5,5.0,124.0,5.0,123.4,5.0,124.25,1.0,123.35,2.0,124.5,5.0,123.25,2.0,124.55,1.0,122.85,5.0,124.65,5.0,122.0,1.0,125.2,5.0,120.1,2.0,125.4,1.0,120.0,3.0,126.76,1.0,119.75,1.0,126.9,5.0,119.3,2.0,127.2,1.0
249,Germany_Baseload#19#0#10000106,2021-10-22 07:34:42.081000,123.5,5.0,124.0,5.0,123.4,5.0,124.25,1.0,123.35,2.0,124.5,5.0,123.25,2.0,124.6,5.0,122.85,5.0,124.65,5.0,122.0,1.0,125.2,5.0,120.1,2.0,125.4,1.0,120.0,3.0,126.76,1.0,119.75,1.0,126.9,5.0,119.3,2.0,127.2,1.0
250,Germany_Baseload#19#0#10000106,2021-10-22 07:34:42.375000,123.5,5.0,124.0,5.0,123.4,5.0,124.25,1.0,123.35,2.0,124.5,5.0,123.25,2.0,124.55,1.0,122.85,5.0,124.65,5.0,122.0,1.0,125.2,5.0,120.1,2.0,125.4,1.0,120.0,3.0,126.76,1.0,119.75,1.0,126.9,5.0,119.3,2.0,127.2,1.0
251,Germany_Baseload#19#0#10000106,2021-10-22 07:34:43.083000,123.5,5.0,124.0,5.0,123.4,5.0,124.25,1.0,123.35,2.0,124.5,5.0,123.25,2.0,124.6,1.0,122.85,5.0,124.65,5.0,122.0,1.0,125.2,5.0,120.1,2.0,125.4,1.0,120.0,3.0,126.76,1.0,119.75,1.0,126.9,5.0,119.3,2.0,127.2,1.0
252,Germany_Baseload#19#0#10000106,2021-10-22 07:35:00.086000,123.5,5.0,124.0,5.0,123.4,5.0,124.25,1.0,123.35,2.0,124.35,1.0,123.25,2.0,124.5,5.0,122.85,5.0,124.65,5.0,122.0,1.0,125.2,5.0,120.1,2.0,125.4,1.0,120.0,3.0,126.76,1.0,119.75,1.0,126.9,5.0,119.3,2.0,127.2,1.0
253,Germany_Baseload#19#0#10000106,2021-10-22 07:36:16.580000,123.5,2.0,124.0,5.0,123.4,5.0,124.25,1.0,123.35,2.0,124.35,1.0,123.25,2.0,124.5,5.0,122.85,5.0,124.65,5.0,122.0,1.0,125.2,5.0,120.1,2.0,125.4,1.0,120.0,3.0,126.76,1.0,119.75,1.0,126.9,5.0,119.3,2.0,127.2,1.0
254,Germany_Baseload#19#0#10000106,2021-10-22 07:36:16.712000,123.5,2.0,124.0,5.0,123.4,2.0,124.25,1.0,123.35,2.0,124.35,1.0,123.25,2.0,124.5,5.0,122.85,5.0,124.65,5.0,122.0,1.0,125.2,5.0,120.1,2.0,125.4,1.0,120.0,3.0,126.76,1.0,119.75,1.0,126.9,5.0,119.3,2.0,127.2,1.0
255,Germany_Baseload#19#0#10000106,2021-10-22 07:36:21.698000,123.6,2.0,124.0,5.0,123.5,2.0,124.25,1.0,123.4,2.0,124.35,1.0,123.25,2.0,124.5,5.0,122.85,5.0,124.65,5.0,122.0,1.0,125.2,5.0,120.1,2.0,125.4,1.0,120.0,3.0,126.76,1.0,119.75,1.0,126.9,5.0,119.3,2.0,127.2,1.0
256,Germany_Baseload#19#0#10000106,2021-10-22 07:36:21.702000,123.6,2.0,124.0,5.0,123.5,2.0,124.25,1.0,123.4,2.0,124.35,1.0,123.25,2.0,124.5,5.0,122.9,5.0,124.7,5.0,122.0,1.0,125.2,5.0,120.1,2.0,125.4,1.0,120.0,3.0,126.76,1.0,119.75,1.0,126.9,5.0,119.3,2.0,127.2,1.0
257,Germany_Baseload#19#0#10000106,2021-10-22 07:36:38.020000,123.6,2.0,124.0,5.0,123.5,2.0,124.25,1.0,123.25,2.0,124.35,1.0,122.9,5.0,124.5,5.0,122.0,1.0,124.7,5.0,120.1,2.0,125.2,5.0,120.0,3.0,125.4,1.0,119.75,1.0,126.76,1.0,119.3,2.0,126.9,5.0,109.0,2.0,127.2,1.0
258,Germany_Baseload#19#0#10000106,2021-10-22 07:37:05.537000,123.6,2.0,124.0,1.0,123.5,2.0,124.25,1.0,123.25,2.0,124.35,1.0,122.9,5.0,124.5,5.0,122.0,1.0,124.7,5.0,120.1,2.0,125.2,5.0,120.0,3.0,125.4,1.0,119.75,1.0,126.76,1.0,119.3,2.0,126.9,5.0,109.0,2.0,127.2,1.0
259,Germany_Baseload#19#0#10000106,2021-10-22 07:37:05.538000,123.6,2.0,124.0,1.0,123.5,2.0,124.25,1.0,123.25,2.0,124.35,1.0,122.9,5.0,124.5,5.0,122.0,1.0,124.7,5.0,120.1,2.0,125.2,5.0,120.0,3.0,125.4,1.0,119.75,1.0,126.76,1.0,119.3,2.0,126.9,5.0,109.0,2.0,127.2,1.0
260,Germany_Baseload#19#0#10000106,2021-10-22 07:37:10.734000,123.6,1.0,124.0,1.0,123.5,2.0,124.25,1.0,123.25,2.0,124.35,1.0,122.9,5.0,124.5,5.0,122.0,1.0,124.7,5.0,120.1,2.0,125.2,5.0,120.0,3.0,125.4,1.0,119.75,1.0,126.76,1.0,119.3,2.0,126.9,5.0,109.0,2.0,127.2,1.0
261,Germany_Baseload#19#0#10000106,2021-10-22 07:37:10.828000,123.6,1.0,124.0,1.0,123.5,1.0,124.25,1.0,123.25,2.0,124.35,1.0,122.9,5.0,124.5,5.0,122.0,1.0,124.7,5.0,120.1,2.0,125.2,5.0,120.0,3.0,125.4,1.0,119.75,1.0,126.76,1.0,119.3,2.0,126.9,5.0,109.0,2.0,127.2,1.0
262,Germany_Baseload#19#0#10000106,2021-10-22 07:37:13.087000,123.5,2.0,124.0,1.0,123.4,1.0,124.25,1.0,123.25,2.0,124.35,1.0,122.9,5.0,124.5,5.0,122.0,1.0,124.7,5.0,120.1,2.0,125.2,5.0,120.0,3.0,125.4,1.0,119.75,1.0,126.76,1.0,119.3,2.0,126.9,5.0,109.0,2.0,127.2,1.0
263,Germany_Baseload#19#0#10000106,2021-10-22 07:37:13.198000,123.5,2.0,124.0,1.0,123.4,1.0,124.25,1.0,123.25,2.0,124.35,1.0,122.85,5.0,124.5,5.0,122.0,1.0,124.65,5.0,120.1,2.0,124.7,5.0,120.0,3.0,125.2,5.0,119.75,1.0,125.4,1.0,119.3,2.0,126.76,1.0,109.0,2.0,126.9,5.0
264,Germany_Baseload#19#0#10000106,2021-10-22 07:37:13.199000,123.5,2.0,124.0,1.0,123.4,1.0,124.25,1.0,123.25,2.0,124.35,1.0,122.85,5.0,124.5,5.0,122.0,1.0,124.65,5.0,120.1,2.0,125.2,5.0,120.0,3.0,125.4,1.0,119.75,1.0,126.76,1.0,119.3,2.0,126.9,5.0,109.0,2.0,127.2,1.0
265,Germany_Baseload#19#0#10000106,2021-10-22 07:37:13.232000,123.6,1.0,124.0,1.0,123.5,2.0,124.25,1.0,123.4,1.0,124.35,1.0,123.25,2.0,124.5,5.0,122.9,5.0,124.7,5.0,122.0,1.0,125.2,5.0,120.1,2.0,125.4,1.0,120.0,3.0,126.76,1.0,119.75,1.0,126.9,5.0,119.3,2.0,127.2,1.0
266,Germany_Baseload#19#0#10000106,2021-10-22 07:37:24.311000,123.5,2.0,124.0,1.0,123.4,1.0,124.1,1.0,123.25,2.0,124.25,1.0,122.85,5.0,124.5,5.0,122.0,1.0,124.65,5.0,120.1,2.0,125.2,5.0,120.0,3.0,125.4,1.0,119.75,1.0,126.76,1.0,119.3,2.0,126.9,5.0,109.0,2.0,127.2,1.0
267,Germany_Baseload#19#0#10000106,2021-10-22 07:37:51.078000,123.5,2.0,124.0,6.0,123.4,1.0,124.1,1.0,123.25,2.0,124.25,1.0,122.85,5.0,124.65,5.0,122.0,1.0,125.2,5.0,120.1,2.0,125.4,1.0,120.0,3.0,126.76,1.0,119.75,1.0,126.9,5.0,119.3,2.0,127.2,1.0,109.0,2.0,127.4,2.0
268,Germany_Baseload#19#0#10000106,2021-10-22 07:37:57.428000,123.5,2.0,124.0,6.0,123.4,1.0,124.1,1.0,123.25,2.0,124.65,5.0,122.85,5.0,125.2,5.0,122.0,1.0,125.4,1.0,120.1,2.0,126.76,1.0,120.0,3.0,126.9,5.0,119.75,1.0,127.2,1.0,119.3,2.0,127.4,2.0,109.0,2.0,128.0,1.0
269,Germany_Baseload#19#0#10000106,2021-10-22 07:37:57.463000,123.5,2.0,124.0,7.0,123.4,1.0,124.1,1.0,123.25,2.0,124.65,5.0,122.85,5.0,125.2,5.0,122.0,1.0,125.4,1.0,120.1,2.0,126.76,1.0,120.0,3.0,126.9,5.0,119.75,1.0,127.2,1.0,119.3,2.0,127.4,2.0,109.0,2.0,128.0,1.0
270,Germany_Baseload#19#0#10000106,2021-10-22 07:38:25.718000,123.5,2.0,124.0,7.0,123.4,1.0,124.1,1.0,123.25,1.0,124.65,5.0,122.85,5.0,125.2,5.0,122.0,1.0,125.4,1.0,120.1,2.0,126.76,1.0,120.0,3.0,126.9,5.0,119.75,1.0,127.2,1.0,119.3,2.0,127.4,2.0,109.0,2.0,128.0,1.0
271,Germany_Baseload#19#0#10000106,2021-10-22 07:38:32.987000,123.5,1.0,124.0,7.0,123.4,1.0,124.1,1.0,123.25,1.0,124.65,5.0,122.85,5.0,125.2,5.0,122.0,1.0,125.4,1.0,120.1,2.0,126.76,1.0,120.0,3.0,126.9,5.0,119.75,1.0,127.2,1.0,119.3,2.0,127.4,2.0,109.0,2.0,128.0,1.0
272,Germany_Baseload#19#0#10000106,2021-10-22 07:38:33.715000,123.5,1.0,124.0,7.0,123.4,1.0,124.1,1.0,123.25,1.0,124.65,5.0,122.85,5.0,125.2,5.0,122.0,1.0,125.4,1.0,120.1,2.0,125.9,1.0,120.0,3.0,126.76,1.0,119.75,1.0,126.9,5.0,119.3,2.0,127.2,1.0,109.0,2.0,127.4,2.0
273,Germany_Baseload#19#0#10000106,2021-10-22 07:38:56.573000,123.5,2.0,124.0,7.0,123.4,1.0,124.1,1.0,123.25,1.0,124.65,5.0,122.85,5.0,125.2,5.0,122.0,1.0,125.4,1.0,120.1,2.0,125.9,1.0,120.0,3.0,126.76,1.0,119.75,1.0,126.9,5.0,119.3,2.0,127.2,1.0,109.0,2.0,127.4,2.0
274,Germany_Baseload#19#0#10000106,2021-10-22 07:39:03.980000,123.5,2.0,124.0,6.0,123.4,1.0,124.1,1.0,123.25,1.0,124.65,5.0,122.85,5.0,125.2,5.0,122.0,1.0,125.4,1.0,120.1,2.0,125.9,1.0,120.0,3.0,126.76,1.0,119.75,1.0,126.9,5.0,119.3,2.0,127.2,1.0,109.0,2.0,127.4,2.0
275,Germany_Baseload#19#0#10000106,2021-10-22 07:39:04.790000,123.5,2.0,124.0,6.0,123.4,1.0,124.1,1.0,123.25,1.0,124.65,5.0,122.85,5.0,125.2,5.0,122.0,1.0,125.4,1.0,120.1,2.0,125.75,5.0,120.0,3.0,125.9,1.0,119.75,1.0,126.76,1.0,119.3,2.0,126.9,5.0,109.0,2.0,127.2,1.0
276,Germany_Baseload#19#0#10000106,2021-10-22 07:39:04.793000,123.5,2.0,124.0,6.0,123.4,1.0,124.1,1.0,123.25,1.0,124.65,5.0,122.85,5.0,125.2,5.0,122.0,1.0,125.4,1.0,121.75,5.0,125.75,5.0,120.1,2.0,125.9,1.0,120.0,3.0,126.76,1.0,119.75,1.0,126.9,5.0,119.3,2.0,127.2,1.0
277,Germany_Baseload#19#0#10000106,2021-10-22 07:39:09.885000,123.5,2.0,124.0,5.0,123.4,1.0,124.1,1.0,123.25,1.0,124.25,1.0,122.85,5.0,124.65,5.0,122.0,1.0,125.2,5.0,121.75,5.0,125.4,1.0,120.1,2.0,125.75,5.0,120.0,3.0,125.9,1.0,119.75,1.0,126.76,1.0,119.3,2.0,126.9,5.0
278,Germany_Baseload#19#0#10000106,2021-10-22 07:39:39.901000,123.5,2.0,124.0,5.0,123.4,1.0,124.1,1.0,123.25,1.0,124.25,1.0,122.85,5.0,124.65,5.0,122.75,1.0,125.2,5.0,122.0,1.0,125.4,1.0,121.75,5.0,125.75,5.0,120.1,2.0,125.9,1.0,120.0,3.0,126.76,1.0,119.75,1.0,126.9,5.0
279,Germany_Baseload#19#0#10000106,2021-10-22 07:39:49.784000,123.5,2.0,124.0,5.0,123.4,1.0,124.1,1.0,123.25,1.0,124.25,1.0,122.85,5.0,124.65,5.0,122.75,1.0,125.2,5.0,122.0,1.0,125.4,1.0,121.75,5.0,125.75,5.0,120.1,2.0,125.9,1.0,120.0,3.0,126.76,1.0,119.75,1.0,126.9,5.0
280,Germany_Baseload#19#0#10000106,2021-10-22 07:40:50.574000,123.5,2.0,124.0,4.0,123.4,1.0,124.1,1.0,123.25,1.0,124.25,1.0,122.85,5.0,124.65,5.0,122.75,1.0,125.2,5.0,122.0,1.0,125.4,1.0,121.75,5.0,125.75,5.0,120.1,2.0,125.9,1.0,120.0,3.0,126.76,1.0,119.75,1.0,126.9,5.0
281,Germany_Baseload#19#0#10000106,2021-10-22 07:41:03.173000,123.5,2.0,124.0,4.0,123.4,1.0,124.1,1.0,123.25,1.0,124.25,1.0,122.85,5.0,124.65,5.0,122.75,1.0,125.2,5.0,122.0,1.0,125.4,1.0,121.75,5.0,125.75,5.0,120.1,2.0,125.9,1.0,120.0,3.0,126.76,1.0,119.75,1.0,126.9,5.0
282,Germany_Baseload#19#0#10000106,2021-10-22 07:41:03.174000,123.5,2.0,124.0,4.0,123.4,1.0,124.1,1.0,123.25,1.0,124.65,5.0,122.85,5.0,125.2,5.0,122.75,1.0,125.4,1.0,122.0,1.0,125.75,5.0,121.75,5.0,125.9,1.0,120.1,2.0,126.76,1.0,120.0,3.0,126.9,5.0,119.75,1.0,127.2,1.0
283,Germany_Baseload#19#0#10000106,2021-10-22 07:41:03.210000,123.5,2.0,124.0,5.0,123.4,1.0,124.1,1.0,123.25,1.0,124.65,5.0,122.85,5.0,125.2,5.0,122.75,1.0,125.4,1.0,122.0,1.0,125.75,5.0,121.75,5.0,125.9,1.0,120.1,2.0,126.76,1.0,120.0,3.0,126.9,5.0,119.75,1.0,127.2,1.0
284,Germany_Baseload#19#0#10000106,2021-10-22 07:41:52.425000,123.5,2.0,124.0,4.0,123.4,1.0,124.1,1.0,123.25,1.0,124.25,1.0,122.85,5.0,124.65,5.0,122.75,1.0,125.2,5.0,122.0,1.0,125.4,1.0,121.75,5.0,125.75,5.0,120.1,2.0,125.9,1.0,120.0,3.0,126.76,1.0,119.75,1.0,126.9,5.0
285,Germany_Baseload#19#0#10000106,2021-10-22 07:42:19.500000,123.6,4.0,124.0,4.0,123.5,2.0,124.1,1.0,123.4,1.0,124.25,1.0,123.25,1.0,124.65,5.0,122.85,5.0,125.2,5.0,122.75,1.0,125.4,1.0,122.0,1.0,125.75,5.0,121.75,5.0,125.9,1.0,120.1,2.0,126.76,1.0,120.0,3.0,126.9,5.0
286,Germany_Baseload#19#0#10000106,2021-10-22 07:42:19.512000,123.6,4.0,124.0,4.0,123.5,2.0,124.1,1.0,123.4,1.0,124.25,1.0,123.25,1.0,124.7,5.0,122.9,5.0,125.2,5.0,122.75,1.0,125.4,1.0,122.0,1.0,125.75,5.0,121.75,5.0,125.9,1.0,120.1,2.0,126.76,1.0,120.0,3.0,126.9,5.0
287,Germany_Baseload#19#0#10000106,2021-10-22 07:42:23.605000,123.75,1.0,124.0,4.0,123.6,4.0,124.1,1.0,123.5,2.0,124.25,1.0,123.4,1.0,124.7,5.0,123.25,1.0,125.2,5.0,122.9,5.0,125.4,1.0,122.75,1.0,125.75,5.0,122.0,1.0,125.9,1.0,121.75,5.0,126.76,1.0,120.1,2.0,126.9,5.0
288,Germany_Baseload#19#0#10000106,2021-10-22 07:42:23.618000,123.75,1.0,124.0,4.0,123.6,4.0,124.1,1.0,123.5,2.0,124.25,1.0,123.4,1.0,124.7,5.0,123.25,1.0,124.78,5.0,122.98,5.0,125.2,5.0,122.75,1.0,125.4,1.0,122.0,1.0,125.75,5.0,121.75,5.0,125.9,1.0,120.1,2.0,126.76,1.0
289,Germany_Baseload#19#0#10000106,2021-10-22 07:42:23.619000,123.75,1.0,124.0,4.0,123.6,4.0,124.1,1.0,123.5,2.0,124.25,1.0,123.4,1.0,124.78,5.0,123.25,1.0,125.2,5.0,122.98,5.0,125.4,1.0,122.75,1.0,125.75,5.0,122.0,1.0,125.9,1.0,121.75,5.0,126.76,1.0,120.1,2.0,126.9,5.0
290,Germany_Baseload#19#0#10000106,2021-10-22 07:42:37.172000,123.75,1.0,124.0,4.0,123.6,1.0,124.1,1.0,123.5,2.0,124.25,1.0,123.4,1.0,124.78,5.0,123.25,1.0,125.2,5.0,122.98,5.0,125.4,1.0,122.75,1.0,125.75,5.0,122.0,1.0,125.9,1.0,121.75,5.0,126.76,1.0,120.1,2.0,126.9,5.0
291,Germany_Baseload#19#0#10000106,2021-10-22 07:42:41.076000,123.75,1.0,124.0,4.0,123.65,1.0,124.1,1.0,123.6,1.0,124.25,1.0,123.5,2.0,124.78,5.0,123.25,1.0,125.2,5.0,122.98,5.0,125.4,1.0,122.75,1.0,125.75,5.0,122.0,1.0,125.9,1.0,121.75,5.0,126.76,1.0,120.1,2.0,126.9,5.0
292,Germany_Baseload#19#0#10000106,2021-10-22 07:43:04.385000,123.75,1.0,124.0,4.0,123.65,1.0,124.1,1.0,123.5,2.0,124.25,1.0,123.25,1.0,124.78,5.0,122.98,5.0,125.2,5.0,122.75,1.0,125.4,1.0,122.0,1.0,125.75,5.0,121.75,5.0,125.9,1.0,120.1,2.0,126.76,1.0,120.0,3.0,126.9,5.0
293,Germany_Baseload#19#0#10000106,2021-10-22 07:43:04.438000,123.75,1.0,124.0,3.0,123.65,1.0,124.1,1.0,123.5,2.0,124.25,1.0,123.25,1.0,124.78,5.0,122.98,5.0,125.2,5.0,122.75,1.0,125.4,1.0,122.0,1.0,125.75,5.0,121.75,5.0,125.9,1.0,120.1,2.0,126.76,1.0,120.0,3.0,126.9,5.0
294,Germany_Baseload#19#0#10000106,2021-10-22 07:43:11.348000,123.75,1.0,124.0,3.0,123.65,1.0,124.1,1.0,123.5,2.0,124.25,1.0,123.25,1.0,124.78,5.0,122.98,5.0,125.2,5.0,122.75,1.0,125.4,1.0,122.0,1.0,125.75,5.0,121.75,5.0,125.9,1.0,120.1,2.0,126.76,1.0,120.0,2.0,126.9,5.0
295,Germany_Baseload#19#0#10000106,2021-10-22 07:44:02.245000,123.75,1.0,124.0,5.0,123.65,1.0,124.1,1.0,123.5,2.0,124.25,1.0,123.25,1.0,124.78,5.0,122.98,5.0,125.2,5.0,122.75,1.0,125.4,1.0,122.0,1.0,125.75,5.0,121.75,5.0,125.9,1.0,120.1,2.0,126.76,1.0,120.0,2.0,126.9,5.0
296,Germany_Baseload#19#0#10000106,2021-10-22 07:44:02.340000,123.75,1.0,124.0,5.0,123.65,1.0,124.1,1.0,123.5,2.0,124.25,2.0,123.25,1.0,124.78,5.0,122.98,5.0,125.2,5.0,122.75,1.0,125.4,1.0,122.0,1.0,125.75,5.0,121.75,5.0,125.9,1.0,120.1,2.0,126.76,1.0,120.0,2.0,126.9,5.0
297,Germany_Baseload#19#0#10000106,2021-10-22 07:44:02.342000,123.75,1.0,124.0,5.0,123.65,1.0,124.25,2.0,123.5,2.0,124.35,1.0,123.25,1.0,124.78,5.0,122.98,5.0,125.2,5.0,122.75,1.0,125.4,1.0,122.0,1.0,125.75,5.0,121.75,5.0,125.9,1.0,120.1,2.0,126.76,1.0,120.0,2.0,126.9,5.0
298,Germany_Baseload#19#0#10000106,2021-10-22 07:44:12.052000,123.75,1.0,124.0,5.0,123.65,1.0,124.25,2.0,123.5,2.0,124.35,1.0,123.25,1.0,124.78,5.0,122.98,5.0,125.2,5.0,122.75,1.0,125.4,1.0,122.0,1.0,125.75,5.0,121.75,5.0,125.9,1.0,120.1,2.0,126.76,1.0,120.0,2.0,126.9,5.0
299,Germany_Baseload#19#0#10000106,2021-10-22 07:44:29.675000,123.75,1.0,124.0,5.0,123.65,1.0,124.25,1.0,123.5,2.0,124.35,1.0,123.25,1.0,124.78,5.0,122.98,5.0,125.2,5.0,122.75,1.0,125.4,1.0,122.0,1.0,125.75,5.0,121.75,5.0,125.9,1.0,120.1,2.0,126.76,1.0,120.0,2.0,126.9,5.0
300,Germany_Baseload#19#0#10000106,2021-10-22 07:44:29.767000,123.75,1.0,124.0,5.0,123.65,1.0,124.25,2.0,123.5,2.0,124.35,1.0,123.25,1.0,124.78,5.0,122.98,5.0,125.2,5.0,122.75,1.0,125.4,1.0,122.0,1.0,125.75,5.0,121.75,5.0,125.9,1.0,120.1,2.0,126.76,1.0,120.0,2.0,126.9,5.0
301,Germany_Baseload#19#0#10000106,2021-10-22 07:44:34.168000,123.75,1.0,124.0,5.0,123.65,1.0,124.25,1.0,123.5,2.0,124.35,1.0,123.25,1.0,124.78,5.0,122.98,5.0,125.2,5.0,122.75,1.0,125.4,1.0,122.0,1.0,125.75,5.0,121.75,5.0,125.9,1.0,120.1,2.0,126.76,1.0,120.0,2.0,126.9,5.0
302,Germany_Baseload#19#0#10000106,2021-10-22 07:44:34.263000,123.75,1.0,124.0,5.0,123.65,1.0,124.2,1.0,123.5,2.0,124.25,1.0,123.25,1.0,124.35,1.0,122.98,5.0,124.78,5.0,122.75,1.0,125.2,5.0,122.0,1.0,125.4,1.0,121.75,5.0,125.75,5.0,120.1,2.0,125.9,1.0,120.0,2.0,126.76,1.0
303,Germany_Baseload#19#0#10000106,2021-10-22 07:44:34.361000,123.75,1.0,124.0,5.0,123.65,1.0,124.25,2.0,123.5,2.0,124.35,1.0,123.25,1.0,124.78,5.0,122.98,5.0,125.2,5.0,122.75,1.0,125.4,1.0,122.0,1.0,125.75,5.0,121.75,5.0,125.9,1.0,120.1,2.0,126.76,1.0,120.0,2.0,126.9,5.0
304,Germany_Baseload#19#0#10000106,2021-10-22 07:44:37.496000,123.75,1.0,124.0,5.0,123.65,1.0,124.25,1.0,123.5,2.0,124.35,1.0,123.25,1.0,124.78,5.0,122.98,5.0,125.2,5.0,122.75,1.0,125.4,1.0,122.0,1.0,125.75,5.0,121.75,5.0,125.9,1.0,120.1,2.0,126.76,1.0,120.0,2.0,126.9,5.0
305,Germany_Baseload#19#0#10000106,2021-10-22 07:44:42.019000,123.75,1.0,124.0,4.0,123.65,1.0,124.25,1.0,123.5,2.0,124.35,1.0,123.25,1.0,124.78,5.0,122.98,5.0,125.2,5.0,122.75,1.0,125.4,1.0,122.0,1.0,125.85,5.0,121.75,5.0,125.9,1.0,120.1,2.0,126.76,1.0,120.0,2.0,126.9,5.0
306,Germany_Baseload#19#0#10000106,2021-10-22 07:44:42.022000,123.75,1.0,124.0,4.0,123.65,1.0,124.25,1.0,123.5,2.0,124.35,1.0,123.25,1.0,124.78,5.0,122.98,5.0,125.2,5.0,122.75,1.0,125.4,1.0,122.0,1.0,125.85,5.0,121.85,5.0,125.9,1.0,120.1,2.0,126.76,1.0,120.0,2.0,126.9,5.0
307,Germany_Baseload#19#0#10000106,2021-10-22 07:44:43.632000,123.75,1.0,124.0,3.0,123.65,1.0,124.25,1.0,123.5,2.0,124.35,1.0,123.25,1.0,124.78,5.0,122.98,5.0,125.2,5.0,122.75,1.0,125.4,1.0,121.85,5.0,125.85,5.0,120.1,2.0,125.9,1.0,120.0,2.0,126.76,1.0,119.75,1.0,126.9,5.0
308,Germany_Baseload#19#0#10000106,2021-10-22 07:44:54.272000,123.65,1.0,124.0,3.0,123.5,2.0,124.25,1.0,123.25,1.0,124.35,1.0,122.93,5.0,124.78,5.0,122.75,1.0,125.2,5.0,121.85,5.0,125.4,1.0,120.1,2.0,125.85,5.0,120.0,2.0,125.9,1.0,119.75,1.0,126.76,1.0,119.3,2.0,126.9,5.0
309,Germany_Baseload#19#0#10000106,2021-10-22 07:44:54.273000,123.65,1.0,124.0,3.0,123.5,2.0,124.25,1.0,123.25,1.0,124.35,1.0,122.93,5.0,124.73,5.0,122.75,1.0,125.2,5.0,121.85,5.0,125.4,1.0,120.1,2.0,125.85,5.0,120.0,2.0,125.9,1.0,119.75,1.0,126.76,1.0,119.3,2.0,126.9,5.0
310,Germany_Baseload#19#0#10000106,2021-10-22 07:44:54.376000,123.5,2.0,124.0,3.0,123.4,2.0,124.25,1.0,123.25,1.0,124.35,1.0,122.93,5.0,124.73,5.0,122.75,1.0,125.2,5.0,121.85,5.0,125.4,1.0,120.1,2.0,125.85,5.0,120.0,2.0,125.9,1.0,119.75,1.0,126.76,1.0,119.3,2.0,126.9,5.0
311,Germany_Baseload#19#0#10000106,2021-10-22 07:44:54.470000,123.5,2.0,124.0,3.0,123.4,2.0,124.25,1.0,123.25,1.0,124.35,1.0,122.85,5.0,124.65,5.0,122.75,1.0,125.2,5.0,121.85,5.0,125.4,1.0,120.1,2.0,125.85,5.0,120.0,2.0,125.9,1.0,119.75,1.0,126.76,1.0,119.3,2.0,126.9,5.0
312,Germany_Baseload#19#0#10000106,2021-10-22 07:45:43.635000,124.0,1.0,124.0,3.0,123.5,2.0,124.25,1.0,123.4,2.0,124.35,1.0,123.25,1.0,124.65,5.0,122.85,5.0,125.2,5.0,122.75,1.0,125.4,1.0,121.85,5.0,125.85,5.0,120.1,2.0,125.9,1.0,120.0,2.0,126.76,1.0,119.75,1.0,126.9,5.0
313,Germany_Baseload#19#0#10000106,2021-10-22 07:45:43.709000,124.0,1.0,124.25,1.0,123.5,2.0,124.35,1.0,123.4,2.0,124.65,5.0,123.25,1.0,125.2,5.0,122.85,5.0,125.4,1.0,122.75,1.0,125.85,5.0,121.85,5.0,125.9,1.0,120.1,2.0,126.76,1.0,120.0,2.0,126.9,5.0,119.75,1.0,127.2,1.0
314,Germany_Baseload#19#0#10000106,2021-10-22 07:45:43.729000,124.0,1.0,124.25,1.0,123.5,2.0,124.35,1.0,123.4,1.0,124.65,5.0,123.25,1.0,125.2,5.0,122.85,5.0,125.4,1.0,122.75,1.0,125.85,5.0,121.85,5.0,125.9,1.0,120.1,2.0,126.76,1.0,120.0,2.0,126.9,5.0,119.75,1.0,127.2,1.0
315,Germany_Baseload#19#0#10000106,2021-10-22 07:45:43.741000,124.0,1.0,124.25,1.0,123.5,2.0,124.35,1.0,123.4,1.0,124.65,5.0,123.25,1.0,124.9,5.0,123.1,5.0,125.2,5.0,122.75,1.0,125.4,1.0,121.85,5.0,125.85,5.0,120.1,2.0,125.9,1.0,120.0,2.0,126.76,1.0,119.75,1.0,126.9,5.0
316,Germany_Baseload#19#0#10000106,2021-10-22 07:45:43.742000,124.0,1.0,124.25,1.0,123.5,2.0,124.35,1.0,123.4,1.0,124.9,5.0,123.25,1.0,125.2,5.0,123.1,5.0,125.4,1.0,122.75,1.0,125.85,5.0,121.85,5.0,125.9,1.0,120.1,2.0,126.76,1.0,120.0,2.0,126.9,5.0,119.75,1.0,127.2,1.0
317,Germany_Baseload#19#0#10000106,2021-10-22 07:45:43.759000,124.0,1.0,124.25,1.0,123.5,2.0,124.35,1.0,123.4,1.0,125.03,5.0,123.25,1.0,125.2,5.0,123.23,5.0,125.4,1.0,122.75,1.0,125.85,5.0,121.85,5.0,125.9,1.0,120.1,2.0,126.76,1.0,120.0,2.0,126.9,5.0,119.75,1.0,127.2,1.0
318,Germany_Baseload#19#0#10000106,2021-10-22 07:45:43.858000,123.5,2.0,124.25,1.0,123.4,1.0,124.35,1.0,123.25,1.0,125.03,5.0,123.23,5.0,125.2,5.0,122.75,1.0,125.4,1.0,121.85,5.0,125.85,5.0,120.1,2.0,125.9,1.0,120.0,2.0,126.76,1.0,119.75,1.0,126.9,5.0,119.3,2.0,127.2,1.0
319,Germany_Baseload#19#0#10000106,2021-10-22 07:45:43.869000,123.5,2.0,124.25,1.0,123.4,1.0,124.35,1.0,123.25,1.0,124.78,5.0,122.98,5.0,125.2,5.0,122.75,1.0,125.4,1.0,121.85,5.0,125.85,5.0,120.1,2.0,125.9,1.0,120.0,2.0,126.76,1.0,119.75,1.0,126.9,5.0,119.3,2.0,127.2,1.0
320,Germany_Baseload#19#0#10000106,2021-10-22 07:45:44.351000,123.5,2.0,124.0,1.0,123.4,1.0,124.25,1.0,123.25,1.0,124.35,1.0,122.85,5.0,124.65,5.0,122.75,1.0,125.0,1.0,120.1,2.0,125.2,5.0,120.0,2.0,125.4,1.0,119.75,1.0,125.9,1.0,119.3,2.0,126.76,1.0,109.0,2.0,126.9,5.0
321,Germany_Baseload#19#0#10000106,2021-10-22 07:45:44.846000,123.5,2.0,124.0,2.0,123.4,1.0,124.25,1.0,123.25,1.0,124.35,1.0,122.85,5.0,124.65,5.0,122.75,1.0,125.2,5.0,121.85,5.0,125.4,1.0,120.1,2.0,125.85,5.0,120.0,2.0,125.9,1.0,119.75,1.0,126.76,1.0,119.3,2.0,126.9,5.0
322,Germany_Baseload#19#0#10000106,2021-10-22 07:45:46.758000,123.5,2.0,124.0,2.0,123.4,1.0,124.25,1.0,123.25,1.0,124.35,1.0,122.85,5.0,124.65,5.0,122.75,1.0,125.2,5.0,121.85,5.0,125.4,1.0,120.1,2.0,125.9,1.0,120.0,2.0,126.76,1.0,119.75,1.0,126.9,5.0,119.3,2.0,127.2,1.0
323,Germany_Baseload#19#0#10000106,2021-10-22 07:45:46.760000,123.5,2.0,124.0,2.0,123.4,1.0,124.25,1.0,123.25,1.0,124.35,1.0,122.85,5.0,124.65,5.0,122.75,1.0,125.2,5.0,120.1,2.0,125.4,1.0,120.0,2.0,125.9,1.0,119.75,1.0,126.76,1.0,119.3,2.0,126.9,5.0,109.0,2.0,127.2,1.0
324,Germany_Baseload#19#0#10000106,2021-10-22 07:46:31.921000,123.5,2.0,124.0,2.0,123.4,1.0,124.25,1.0,123.25,1.0,124.35,1.0,122.85,5.0,124.65,5.0,122.75,1.0,125.0,1.0,120.1,2.0,125.2,5.0,120.0,2.0,125.4,1.0,119.75,1.0,125.9,1.0,119.3,2.0,126.76,1.0,109.0,2.0,126.9,5.0
325,Germany_Baseload#19#0#10000106,2021-10-22 07:46:37.397000,123.5,2.0,124.0,2.0,123.4,1.0,124.35,1.0,123.25,1.0,124.65,5.0,122.85,5.0,125.0,1.0,122.75,1.0,125.2,5.0,120.1,2.0,125.4,1.0,120.0,2.0,125.9,1.0,119.75,1.0,126.76,1.0,119.3,2.0,126.9,5.0,109.0,2.0,127.2,1.0
326,Germany_Baseload#19#0#10000106,2021-10-22 07:46:37.426000,123.5,2.0,124.0,1.0,123.4,1.0,124.35,1.0,123.25,1.0,124.65,5.0,122.85,5.0,125.0,1.0,122.75,1.0,125.2,5.0,120.1,2.0,125.4,1.0,120.0,2.0,125.9,1.0,119.75,1.0,126.76,1.0,119.3,2.0,126.9,5.0,109.0,2.0,127.2,1.0
327,Germany_Baseload#19#0#10000106,2021-10-22 07:46:37.490000,123.5,2.0,124.0,1.0,123.4,1.0,124.65,5.0,123.25,1.0,124.75,5.0,122.85,5.0,125.0,1.0,122.75,1.0,125.2,5.0,120.1,2.0,125.4,1.0,120.0,2.0,125.9,1.0,119.75,1.0,126.76,1.0,119.3,2.0,126.9,5.0,109.0,2.0,127.2,1.0
328,Germany_Baseload#19#0#10000106,2021-10-22 07:46:37.762000,123.5,2.0,124.0,1.0,123.4,1.0,124.35,1.0,123.25,1.0,124.65,5.0,122.85,5.0,125.0,1.0,122.75,1.0,125.2,5.0,120.1,2.0,125.4,1.0,120.0,2.0,125.9,1.0,119.75,1.0,126.76,1.0,119.3,2.0,126.9,5.0,109.0,2.0,127.2,1.0
329,Germany_Baseload#19#0#10000106,2021-10-22 07:46:38.071000,123.5,2.0,124.0,1.0,123.4,1.0,124.65,5.0,123.25,1.0,124.75,1.0,122.85,5.0,125.0,1.0,122.75,1.0,125.2,5.0,120.1,2.0,125.4,1.0,120.0,2.0,125.9,1.0,119.75,1.0,126.76,1.0,119.3,2.0,126.9,5.0,109.0,2.0,127.2,1.0
330,Germany_Baseload#19#0#10000106,2021-10-22 07:46:42.671000,123.5,2.0,124.0,2.0,123.4,1.0,124.25,1.0,123.25,1.0,124.65,5.0,122.85,5.0,124.75,1.0,122.75,1.0,125.0,1.0,120.1,2.0,125.2,5.0,120.0,2.0,125.4,1.0,119.75,1.0,125.9,1.0,119.3,2.0,126.76,1.0,109.0,2.0,126.9,5.0
331,Germany_Baseload#19#0#10000106,2021-10-22 07:46:43.123000,123.5,2.0,124.0,2.0,123.4,1.0,124.25,1.0,123.25,1.0,124.35,1.0,122.85,5.0,124.65,5.0,122.75,1.0,125.0,1.0,120.1,2.0,125.2,5.0,120.0,2.0,125.4,1.0,119.75,1.0,125.9,1.0,119.3,2.0,126.76,1.0,109.0,2.0,126.9,5.0
332,Germany_Baseload#19#0#10000106,2021-10-22 07:47:12.215000,123.5,2.0,124.0,1.0,123.4,1.0,124.35,1.0,123.25,1.0,124.65,5.0,122.85,5.0,125.0,1.0,122.75,1.0,125.2,5.0,120.1,2.0,125.4,1.0,120.0,2.0,125.9,1.0,119.75,1.0,126.76,1.0,119.3,2.0,126.9,5.0,109.0,2.0,127.2,1.0
333,Germany_Baseload#19#0#10000106,2021-10-22 07:47:12.320000,123.5,2.0,124.0,1.0,123.4,1.0,124.65,5.0,123.25,1.0,124.75,5.0,122.85,5.0,125.0,1.0,122.75,1.0,125.2,5.0,120.1,2.0,125.4,1.0,120.0,2.0,125.9,1.0,119.75,1.0,126.76,1.0,119.3,2.0,126.9,5.0,109.0,2.0,127.2,1.0
334,Germany_Baseload#19#0#10000106,2021-10-22 07:47:15.494000,123.5,2.0,124.65,5.0,123.4,1.0,124.75,5.0,123.25,1.0,125.0,1.0,122.85,5.0,125.2,5.0,122.75,1.0,125.4,1.0,120.1,2.0,125.9,1.0,120.0,2.0,126.76,1.0,119.75,1.0,126.9,5.0,119.3,2.0,127.2,1.0,109.0,2.0,127.4,2.0
335,Germany_Baseload#19#0#10000106,2021-10-22 07:47:15.756000,123.5,2.0,124.75,5.0,123.4,1.0,124.98,5.0,123.25,1.0,125.0,1.0,123.18,5.0,125.2,5.0,122.75,1.0,125.4,1.0,120.1,2.0,125.9,1.0,120.0,2.0,126.76,1.0,119.75,1.0,126.9,5.0,119.3,2.0,127.2,1.0,109.0,2.0,127.4,2.0
336,Germany_Baseload#19#0#10000106,2021-10-22 07:47:15.768000,123.5,2.0,124.75,5.0,123.4,1.0,124.98,5.0,123.25,1.0,125.0,1.0,123.23,5.0,125.03,5.0,122.75,1.0,125.2,5.0,120.1,2.0,125.4,1.0,120.0,2.0,125.9,1.0,119.75,1.0,126.76,1.0,119.3,2.0,126.9,5.0,109.0,2.0,127.2,1.0
337,Germany_Baseload#19#0#10000106,2021-10-22 07:47:15.769000,123.5,2.0,124.75,5.0,123.4,1.0,125.0,1.0,123.25,1.0,125.03,5.0,123.23,5.0,125.2,5.0,122.75,1.0,125.4,1.0,120.1,2.0,125.9,1.0,120.0,2.0,126.76,1.0,119.75,1.0,126.9,5.0,119.3,2.0,127.2,1.0,109.0,2.0,127.4,2.0
338,Germany_Baseload#19#0#10000106,2021-10-22 07:47:15.886000,123.5,2.0,125.0,1.0,123.4,1.0,125.03,5.0,123.25,1.0,125.1,5.0,123.23,5.0,125.2,5.0,122.75,1.0,125.4,1.0,120.1,2.0,125.9,1.0,120.0,2.0,126.76,1.0,119.75,1.0,126.9,5.0,119.3,2.0,127.2,1.0,109.0,2.0,127.4,2.0
339,Germany_Baseload#19#0#10000106,2021-10-22 07:47:16.147000,123.5,2.0,125.0,1.0,123.4,1.0,125.1,1.0,123.35,5.0,125.15,5.0,123.25,1.0,125.2,5.0,122.75,1.0,125.4,1.0,120.1,2.0,125.9,1.0,120.0,2.0,126.76,1.0,119.75,1.0,126.9,5.0,119.3,2.0,127.2,1.0,109.0,2.0,127.4,2.0
340,Germany_Baseload#19#0#10000106,2021-10-22 07:47:16.174000,123.5,2.0,125.0,1.0,123.4,1.0,125.03,5.0,123.25,1.0,125.1,1.0,123.23,5.0,125.2,5.0,122.75,1.0,125.4,1.0,120.1,2.0,125.9,1.0,120.0,2.0,126.76,1.0,119.75,1.0,126.9,5.0,119.3,2.0,127.2,1.0,109.0,2.0,127.4,2.0
341,Germany_Baseload#19#0#10000106,2021-10-22 07:47:27.262000,123.5,2.0,124.25,1.0,123.4,1.0,125.0,1.0,123.35,5.0,125.1,1.0,123.25,1.0,125.15,5.0,122.75,1.0,125.2,5.0,120.1,2.0,125.4,1.0,120.0,2.0,125.9,1.0,119.75,1.0,126.76,1.0,119.3,2.0,126.9,5.0,109.0,2.0,127.2,1.0
342,Germany_Baseload#19#0#10000106,2021-10-22 07:47:27.271000,123.5,2.0,124.25,1.0,123.4,1.0,124.78,5.0,123.25,1.0,125.0,1.0,122.98,5.0,125.1,1.0,122.75,1.0,125.2,5.0,120.1,2.0,125.4,1.0,120.0,2.0,125.9,1.0,119.75,1.0,126.76,1.0,119.3,2.0,126.9,5.0,109.0,2.0,127.2,1.0
343,Germany_Baseload#19#0#10000106,2021-10-22 07:47:29.498000,123.75,1.0,124.25,1.0,123.5,1.0,124.78,5.0,123.4,1.0,125.0,1.0,123.25,1.0,125.1,1.0,122.98,5.0,125.2,5.0,122.75,1.0,125.4,1.0,120.1,2.0,125.9,1.0,120.0,2.0,126.76,1.0,119.75,1.0,126.9,5.0,119.3,2.0,127.2,1.0
344,Germany_Baseload#19#0#10000106,2021-10-22 07:47:29.505000,123.75,1.0,124.25,1.0,123.5,1.0,124.78,5.0,123.4,1.0,124.9,5.0,123.25,1.0,125.0,1.0,123.1,5.0,125.1,1.0,122.75,1.0,125.2,5.0,120.1,2.0,125.4,1.0,120.0,2.0,125.9,1.0,119.75,1.0,126.76,1.0,119.3,2.0,126.9,5.0
345,Germany_Baseload#19#0#10000106,2021-10-22 07:47:29.506000,123.75,1.0,124.25,1.0,123.5,1.0,124.9,5.0,123.4,1.0,125.0,1.0,123.25,1.0,125.1,1.0,123.1,5.0,125.2,5.0,122.75,1.0,125.4,1.0,120.1,2.0,125.9,1.0,120.0,2.0,126.76,1.0,119.75,1.0,126.9,5.0,119.3,2.0,127.2,1.0
346,Germany_Baseload#19#0#10000106,2021-10-22 07:47:35.072000,124.0,1.0,124.25,1.0,123.75,1.0,124.9,5.0,123.5,1.0,125.0,1.0,123.4,1.0,125.1,1.0,123.25,1.0,125.2,5.0,123.1,5.0,125.4,1.0,122.75,1.0,125.9,1.0,120.1,2.0,126.76,1.0,120.0,2.0,126.9,5.0,119.75,1.0,127.2,1.0
347,Germany_Baseload#19#0#10000106,2021-10-22 07:47:35.183000,124.0,1.0,124.25,1.0,123.75,1.0,124.9,5.0,123.5,1.0,125.0,1.0,123.4,1.0,125.1,1.0,123.25,1.0,125.2,5.0,123.23,5.0,125.4,1.0,123.1,5.0,125.9,1.0,122.75,1.0,126.76,1.0,120.1,2.0,126.9,5.0,120.0,2.0,127.2,1.0
348,Germany_Baseload#19#0#10000106,2021-10-22 07:47:35.184000,124.0,1.0,124.25,1.0,123.75,1.0,125.0,1.0,123.5,1.0,125.03,5.0,123.4,1.0,125.1,1.0,123.25,1.0,125.2,5.0,123.23,5.0,125.4,1.0,122.75,1.0,125.9,1.0,120.1,2.0,126.76,1.0,120.0,2.0,126.9,5.0,119.75,1.0,127.2,1.0
349,Germany_Baseload#19#0#10000106,2021-10-22 07:47:37.840000,124.0,1.0,124.25,1.0,123.5,1.0,125.0,1.0,123.4,1.0,125.03,5.0,123.25,1.0,125.1,1.0,123.23,5.0,125.2,5.0,122.75,1.0,125.4,1.0,120.1,2.0,125.9,1.0,120.0,2.0,126.76,1.0,119.75,1.0,126.9,5.0,119.3,2.0,127.2,1.0
350,Germany_Baseload#19#0#10000106,2021-10-22 07:47:37.934000,124.0,1.0,125.0,1.0,123.5,1.0,125.03,5.0,123.4,1.0,125.1,1.0,123.25,1.0,125.2,5.0,123.23,5.0,125.4,1.0,122.75,1.0,125.9,1.0,120.1,2.0,126.76,1.0,120.0,2.0,126.9,5.0,119.75,1.0,127.2,1.0,119.3,2.0,127.4,2.0
351,Germany_Baseload#19#0#10000106,2021-10-22 07:47:37.955000,124.0,1.0,125.0,1.0,123.6,5.0,125.1,1.0,123.5,1.0,125.2,5.0,123.4,1.0,125.4,6.0,123.25,1.0,125.9,1.0,122.75,1.0,126.76,1.0,120.1,2.0,126.9,5.0,120.0,2.0,127.2,1.0,119.75,1.0,127.4,2.0,119.3,2.0,128.0,1.0
352,Germany_Baseload#19#0#10000106,2021-10-22 07:47:38.011000,124.0,1.0,124.75,1.0,123.6,5.0,125.0,1.0,123.5,1.0,125.1,1.0,123.4,1.0,125.2,5.0,123.25,1.0,125.4,6.0,122.75,1.0,125.9,1.0,120.1,2.0,126.76,1.0,120.0,2.0,126.9,5.0,119.75,1.0,127.2,1.0,119.3,2.0,127.4,2.0
353,Germany_Baseload#19#0#10000106,2021-10-22 07:47:38.020000,124.0,1.0,124.75,1.0,123.5,1.0,125.0,1.0,123.48,5.0,125.1,1.0,123.4,1.0,125.2,5.0,123.25,1.0,125.28,5.0,122.75,1.0,125.4,1.0,120.1,2.0,125.9,1.0,120.0,2.0,126.76,1.0,119.75,1.0,126.9,5.0,119.3,2.0,127.2,1.0
354,Germany_Baseload#19#0#10000106,2021-10-22 07:47:52.671000,123.5,1.0,124.75,1.0,123.48,5.0,125.0,1.0,123.4,1.0,125.1,1.0,123.25,1.0,125.2,5.0,122.75,1.0,125.28,5.0,120.1,2.0,125.4,1.0,120.0,2.0,125.9,1.0,119.75,1.0,126.76,1.0,119.3,2.0,126.9,5.0,109.0,2.0,127.2,1.0
355,Germany_Baseload#19#0#10000106,2021-10-22 07:47:52.773000,123.85,1.0,124.75,1.0,123.5,1.0,125.0,1.0,123.25,1.0,125.03,5.0,123.23,5.0,125.1,1.0,122.75,1.0,125.2,5.0,120.1,2.0,125.4,1.0,120.0,2.0,125.9,1.0,119.75,1.0,126.76,1.0,119.3,2.0,126.9,5.0,109.0,2.0,127.2,1.0
356,Germany_Baseload#19#0#10000106,2021-10-22 07:47:52.779000,123.85,1.0,124.75,1.0,123.5,1.0,125.0,1.0,123.48,5.0,125.1,1.0,123.25,1.0,125.2,5.0,122.75,1.0,125.28,5.0,120.1,2.0,125.4,1.0,120.0,2.0,125.9,1.0,119.75,1.0,126.76,1.0,119.3,2.0,126.9,5.0,109.0,2.0,127.2,1.0
357,Germany_Baseload#19#0#10000106,2021-10-22 07:47:52.880000,123.85,1.0,124.75,1.0,123.5,1.0,125.0,1.0,123.4,5.0,125.1,1.0,123.25,1.0,125.2,10.0,122.75,1.0,125.4,1.0,120.1,2.0,125.9,1.0,120.0,2.0,126.76,1.0,119.75,1.0,126.9,5.0,119.3,2.0,127.2,1.0,109.0,2.0,127.4,2.0
358,Germany_Baseload#19#0#10000106,2021-10-22 07:47:53.020000,123.5,1.0,124.75,1.0,123.4,6.0,125.0,1.0,123.25,1.0,125.1,1.0,122.75,1.0,125.2,10.0,120.1,2.0,125.4,1.0,120.0,2.0,125.9,1.0,119.75,1.0,126.76,1.0,119.3,2.0,126.9,5.0,109.0,2.0,127.2,1.0,108.0,1.0,127.4,2.0
359,Germany_Baseload#19#0#10000106,2021-10-22 07:47:53.304000,123.5,1.0,124.75,1.0,123.4,1.0,125.0,1.0,123.25,1.0,125.03,5.0,123.23,5.0,125.1,1.0,122.75,1.0,125.2,5.0,120.1,2.0,125.4,1.0,120.0,2.0,125.9,1.0,119.75,1.0,126.76,1.0,119.3,2.0,126.9,5.0,109.0,2.0,127.2,1.0
360,Germany_Baseload#19#0#10000106,2021-10-22 07:47:53.865000,123.5,1.0,124.75,1.0,123.4,1.0,125.0,1.0,123.25,1.0,125.03,5.0,123.23,5.0,125.1,1.0,122.75,1.0,125.2,5.0,120.1,2.0,125.4,1.0,120.0,2.0,125.9,1.0,119.75,1.0,126.36,5.0,119.3,2.0,126.76,1.0,109.0,2.0,126.9,5.0
361,Germany_Baseload#19#0#10000106,2021-10-22 07:47:53.866000,123.5,1.0,124.75,1.0,123.4,1.0,125.0,1.0,123.25,1.0,125.03,5.0,123.23,5.0,125.1,1.0,122.75,1.0,125.2,5.0,120.1,2.0,125.4,1.0,120.0,2.0,125.9,1.0,119.75,1.0,126.36,5.0,119.3,2.0,126.76,1.0,109.0,2.0,126.9,5.0
362,Germany_Baseload#19#0#10000106,2021-10-22 07:47:53.868000,123.5,1.0,124.75,1.0,123.4,1.0,125.0,1.0,123.25,1.0,125.03,5.0,123.23,5.0,125.1,1.0,122.75,1.0,125.2,5.0,122.36,5.0,125.4,1.0,120.1,2.0,125.9,1.0,120.0,2.0,126.36,5.0,119.75,1.0,126.76,1.0,119.3,2.0,126.9,5.0
363,Germany_Baseload#19#0#10000106,2021-10-22 07:47:54.922000,123.5,1.0,124.75,1.0,123.4,1.0,124.85,1.0,123.25,1.0,125.0,1.0,123.23,5.0,125.03,5.0,122.75,1.0,125.2,5.0,122.36,5.0,125.4,1.0,120.1,2.0,125.9,1.0,120.0,2.0,126.36,5.0,119.75,1.0,126.76,1.0,119.3,2.0,126.9,5.0
364,Germany_Baseload#19#0#10000106,2021-10-22 07:48:10.845000,123.5,1.0,124.5,1.0,123.4,1.0,124.75,1.0,123.25,1.0,124.85,1.0,123.23,5.0,125.0,1.0,122.75,1.0,125.03,5.0,122.36,5.0,125.2,5.0,120.1,2.0,125.4,1.0,120.0,2.0,125.9,1.0,119.75,1.0,126.36,5.0,119.3,2.0,126.76,1.0
365,Germany_Baseload#19#0#10000106,2021-10-22 07:48:11.117000,123.5,1.0,124.5,1.0,123.4,1.0,124.75,1.0,123.25,1.0,124.85,1.0,123.1,5.0,124.9,5.0,122.75,1.0,125.0,1.0,122.36,5.0,125.2,5.0,120.1,2.0,125.4,1.0,120.0,2.0,125.9,1.0,119.75,1.0,126.36,5.0,119.3,2.0,126.76,1.0
366,Germany_Baseload#19#0#10000106,2021-10-22 07:48:24.976000,123.5,1.0,124.5,1.0,123.4,1.0,124.85,1.0,123.25,1.0,124.9,5.0,123.1,5.0,125.0,1.0,122.75,1.0,125.2,5.0,122.36,5.0,125.4,1.0,120.1,2.0,125.9,1.0,120.0,2.0,126.36,5.0,119.75,1.0,126.76,1.0,119.3,2.0,126.9,5.0
367,Germany_Baseload#19#0#10000106,2021-10-22 07:48:25.013000,123.5,1.0,124.5,1.0,123.4,1.0,124.85,1.0,123.25,1.0,124.9,5.0,123.1,5.0,125.0,1.0,122.75,1.0,125.2,5.0,122.36,5.0,125.4,1.0,120.1,2.0,125.9,1.0,120.0,2.0,126.36,5.0,119.75,1.0,126.76,1.0,119.3,2.0,126.9,5.0
368,Germany_Baseload#19#0#10000106,2021-10-22 07:48:26.648000,123.5,1.0,124.5,2.0,123.4,1.0,124.85,1.0,123.25,1.0,124.9,5.0,123.1,5.0,125.0,1.0,122.75,1.0,125.2,5.0,122.36,5.0,125.4,1.0,120.1,2.0,125.9,1.0,120.0,2.0,126.36,5.0,119.75,1.0,126.76,1.0,119.3,2.0,126.9,5.0
369,Germany_Baseload#19#0#10000106,2021-10-22 07:48:37.247000,123.5,1.0,124.5,2.0,123.4,1.0,124.6,1.0,123.25,1.0,124.85,1.0,123.1,5.0,124.9,5.0,122.75,1.0,125.0,1.0,122.36,5.0,125.2,5.0,120.1,2.0,125.4,1.0,120.0,2.0,125.9,1.0,119.75,1.0,126.36,5.0,119.3,2.0,126.76,1.0
370,Germany_Baseload#19#0#10000106,2021-10-22 07:48:42.089000,123.5,1.0,124.5,2.0,123.4,1.0,124.6,3.0,123.25,1.0,124.9,5.0,123.1,5.0,125.0,1.0,122.75,1.0,125.2,5.0,122.36,5.0,125.4,1.0,120.1,2.0,125.9,1.0,120.0,2.0,126.36,5.0,119.75,1.0,126.76,1.0,119.3,2.0,126.9,5.0
371,Germany_Baseload#19#0#10000106,2021-10-22 07:48:44.838000,123.5,1.0,124.25,1.0,123.4,1.0,124.5,2.0,123.25,1.0,124.6,3.0,123.1,5.0,124.9,5.0,122.75,1.0,125.0,1.0,122.36,5.0,125.2,5.0,120.1,2.0,125.4,1.0,120.0,2.0,125.9,1.0,119.75,1.0,126.36,5.0,119.3,2.0,126.76,1.0
372,Germany_Baseload#19#0#10000106,2021-10-22 07:48:44.850000,123.5,1.0,124.25,1.0,123.4,1.0,124.5,2.0,123.25,1.0,124.6,3.0,123.1,5.0,124.9,5.0,122.98,5.0,125.0,1.0,122.75,1.0,125.2,5.0,122.36,5.0,125.4,1.0,120.1,2.0,125.9,1.0,120.0,2.0,126.36,5.0,119.75,1.0,126.76,1.0
373,Germany_Baseload#19#0#10000106,2021-10-22 07:48:44.851000,123.5,1.0,124.25,1.0,123.4,1.0,124.5,3.0,123.25,1.0,124.6,3.0,122.98,5.0,124.78,5.0,122.75,1.0,125.0,1.0,122.36,5.0,125.2,5.0,120.1,2.0,125.4,1.0,120.0,2.0,125.9,1.0,119.75,1.0,126.36,5.0,119.3,2.0,126.76,1.0
374,Germany_Baseload#19#0#10000106,2021-10-22 07:48:44.946000,123.5,1.0,124.25,1.0,123.4,1.0,124.5,3.0,123.25,1.0,124.6,1.0,122.98,5.0,124.78,5.0,122.75,1.0,125.0,1.0,122.36,5.0,125.2,5.0,120.1,2.0,125.4,1.0,120.0,2.0,125.9,1.0,119.75,1.0,126.36,5.0,119.3,2.0,126.76,1.0
375,Germany_Baseload#19#0#10000106,2021-10-22 07:49:01.972000,123.5,1.0,124.25,1.0,123.4,1.0,124.5,2.0,123.25,1.0,124.6,1.0,122.98,5.0,124.78,5.0,122.75,1.0,125.0,1.0,122.36,5.0,125.2,5.0,120.1,2.0,125.4,1.0,120.0,2.0,125.9,1.0,119.75,1.0,126.36,5.0,119.3,2.0,126.76,1.0
376,Germany_Baseload#19#0#10000106,2021-10-22 07:49:02.006000,123.5,1.0,124.25,2.0,123.4,1.0,124.5,2.0,123.25,1.0,124.6,1.0,122.98,5.0,124.78,5.0,122.75,1.0,125.0,1.0,122.36,5.0,125.2,5.0,120.1,2.0,125.4,1.0,120.0,2.0,125.9,1.0,119.75,1.0,126.36,5.0,119.3,2.0,126.76,1.0
377,Germany_Baseload#19#0#10000106,2021-10-22 07:49:04.023000,123.5,1.0,124.25,2.0,123.4,1.0,124.35,1.0,123.25,1.0,124.5,2.0,122.98,5.0,124.6,1.0,122.75,1.0,124.78,5.0,122.36,5.0,125.0,1.0,120.1,2.0,125.2,5.0,120.0,2.0,125.4,1.0,119.75,1.0,125.9,1.0,119.3,2.0,126.36,5.0
378,Germany_Baseload#19#0#10000106,2021-10-22 07:49:04.158000,123.5,1.0,123.75,1.0,123.4,1.0,124.25,2.0,123.25,1.0,124.35,1.0,122.98,5.0,124.5,2.0,122.75,1.0,124.6,1.0,122.36,5.0,124.78,5.0,120.1,2.0,125.0,1.0,120.0,2.0,125.2,5.0,119.75,1.0,125.4,1.0,119.3,2.0,125.9,1.0
379,Germany_Baseload#19#0#10000106,2021-10-22 07:49:04.165000,123.5,1.0,123.75,1.0,123.4,1.0,124.25,2.0,123.25,1.0,124.35,1.0,122.98,5.0,124.5,2.0,122.75,1.0,124.6,1.0,122.73,5.0,124.78,5.0,122.36,5.0,125.0,1.0,120.1,2.0,125.2,5.0,120.0,2.0,125.4,1.0,119.75,1.0,125.9,1.0
380,Germany_Baseload#19#0#10000106,2021-10-22 07:49:04.166000,123.5,1.0,123.75,1.0,123.4,1.0,124.25,2.0,123.25,1.0,124.35,1.0,122.75,1.0,124.5,2.0,122.73,5.0,124.53,5.0,122.36,5.0,124.6,1.0,120.1,2.0,125.0,1.0,120.0,2.0,125.2,5.0,119.75,1.0,125.4,1.0,119.3,2.0,125.9,1.0
381,Germany_Baseload#19#0#10000106,2021-10-22 07:49:06.599000,123.5,1.0,123.75,1.0,123.4,1.0,124.25,1.0,123.25,1.0,124.35,1.0,122.75,1.0,124.5,2.0,122.73,5.0,124.53,5.0,122.36,5.0,124.6,1.0,120.1,2.0,125.0,1.0,120.0,2.0,125.2,5.0,119.75,1.0,125.4,1.0,119.3,2.0,125.9,1.0
382,Germany_Baseload#19#0#10000106,2021-10-22 07:49:11.117000,123.5,1.0,123.75,1.0,123.4,1.0,124.0,1.0,123.25,1.0,124.25,1.0,122.75,1.0,124.35,1.0,122.73,5.0,124.5,1.0,122.36,5.0,124.53,5.0,120.1,2.0,124.6,1.0,120.0,2.0,125.0,1.0,119.75,1.0,125.2,5.0,119.3,2.0,125.4,1.0
383,Germany_Baseload#19#0#10000106,2021-10-22 07:49:24.125000,123.5,1.0,123.75,1.0,123.4,1.0,123.85,1.0,123.25,1.0,124.0,1.0,122.75,1.0,124.25,1.0,122.73,5.0,124.5,1.0,122.36,5.0,124.53,5.0,120.1,2.0,124.6,1.0,120.0,2.0,125.0,1.0,119.75,1.0,125.2,5.0,119.3,2.0,125.4,1.0
384,Germany_Baseload#19#0#10000106,2021-10-22 07:49:45.118000,123.5,1.0,123.75,1.0,123.4,1.0,123.85,1.0,123.25,1.0,124.0,1.0,122.75,1.0,124.25,1.0,122.73,5.0,124.5,1.0,122.36,5.0,124.53,5.0,120.1,2.0,124.6,1.0,120.0,2.0,125.0,1.0,119.75,1.0,125.2,5.0,119.3,2.0,125.4,1.0
385,Germany_Baseload#19#0#10000106,2021-10-22 07:49:45.119000,123.5,1.0,123.75,1.0,123.4,1.0,123.85,1.0,123.25,1.0,124.0,1.0,122.75,1.0,124.25,1.0,122.73,5.0,124.5,1.0,122.36,5.0,124.53,5.0,120.1,2.0,125.0,1.0,120.0,2.0,125.2,5.0,119.75,1.0,125.4,1.0,119.3,2.0,125.9,1.0
386,Germany_Baseload#19#0#10000106,2021-10-22 07:49:48.051000,123.5,1.0,123.75,1.0,123.4,1.0,123.85,1.0,123.25,1.0,124.0,1.0,122.75,1.0,124.25,1.0,122.73,5.0,124.5,1.0,122.36,5.0,124.53,5.0,120.1,2.0,125.2,5.0,120.0,2.0,125.4,1.0,119.75,1.0,125.9,1.0,119.3,2.0,126.36,5.0
387,Germany_Baseload#19#0#10000106,2021-10-22 07:50:09.710000,123.5,1.0,123.62,1.0,123.4,1.0,123.85,1.0,123.25,1.0,124.0,1.0,122.75,1.0,124.25,1.0,122.73,5.0,124.5,1.0,122.36,5.0,124.53,5.0,120.1,2.0,125.2,5.0,120.0,2.0,125.4,1.0,119.75,1.0,125.9,1.0,119.3,2.0,126.36,5.0
