,key,Datetime,BidPrice_0,BidVolume_0,AskPrice_0,AskVolume_0,BidPrice_1,BidVolume_1,AskPrice_1,AskVolume_1,BidPrice_2,BidVolume_2,AskPrice_2,AskVolume_2,BidPrice_3,BidVolume_3,AskPrice_3,AskVolume_3,BidPrice_4,BidVolume_4,AskPrice_4,AskVolume_4,BidPrice_5,BidVolume_5,AskPrice_5,AskVolume_5,BidPrice_6,BidVolume_6,AskPrice_6,AskVolume_6,BidPrice_7,BidVolume_7,AskPrice_7,AskVolume_7,BidPrice_8,BidVolume_8,AskPrice_8,AskVolume_8,BidPrice_9,BidVolume_9,AskPrice_9,AskVolume_9
0,Germany_Baseload#19#0#10000106,2021-10-01 05:30:03.561000,108.5,1.0,,,,,,,,,,,,,,,,,,,,,,,,,,,,,,,,,,,,,,
1,Germany_Baseload#19#0#10000106,2021-10-01 06:00:01.630000,108.5,1.0,140.0,1.0,52.0,1.0,,,48.0,3.0,,,,,,,,,,,,,,,,,,,,,,,,,,,,,,
2,Germany_Baseload#19#0#10000106,2021-10-01 06:00:19.222000,108.5,1.0,140.0,1.0,93.8,1.0,,,52.0,1.0,,,48.0,3.0,,,,,,,,,,,,,,,,,,,,,,,,,,
3,Germany_Baseload#19#0#10000106,2021-10-01 06:02:37.526000,130.0,1.0,140.0,1.0,108.5,1.0,,,93.8,1.0,,,52.0,1.0,,,48.0,3.0,,,,,,,,,,,,,,,,,,,,,,
4,Germany_Baseload#19#0#10000106,2021-10-01 06:03:29.627000,130.0,1.0,140.0,2.0,108.5,1.0,,,93.8,1.0,,,52.0,1.0,,,48.0,3.0,,,,,,,,,,,,,,,,,,,,,,
5,Germany_Baseload#19#0#10000106,2021-10-01 06:03:56.548000,130.0,1.0,139.0,1.0,108.5,1.0,140.0,1.0,93.8,1.0,,,52.0,1.0,,,48.0,3.0,,,,,,,,,,,,,,,,,,,,,,
6,Germany_Baseload#19#0#10000106,2021-10-01 06:05:42.208000,130.0,1.0,137.0,2.0,108.5,1.0,139.0,1.0,93.8,1.0,140.0,1.0,52.0,1.0,,,48.0,3.0,,,,,,,,,,,,,,,,,,,,,,
7,Germany_Baseload#19#0#10000106,2021-10-01 06:06:17.652000,130.0,2.0,137.0,2.0,108.5,1.0,139.0,1.0,93.8,1.0,140.0,1.0,52.0,1.0,,,48.0,3.0,,,,,,,,,,,,,,,,,,,,,,
8,Germany_Baseload#19#0#10000106,2021-10-01 06:06:24.969000,130.0,1.0,137.0,2.0,108.5,1.0,139.0,1.0,93.8,1.0,140.0,1.0,52.0,1.0,,,48.0,3.0,,,,,,,,,,,,,,,,,,,,,,
9,Germany_Baseload#19#0#10000106,2021-10-01 06:07:19.828000,130.0,1.0,137.0,3.0,108.5,1.0,140.0,1.0,93.8,1.0,,,52.0,1.0,,,48.0,3.0,,,,,,,,,,,,,,,,,,,,,,
10,Germany_Baseload#19#0#10000106,2021-10-01 06:07:24.869000,108.5,1.0,137.0,3.0,93.8,1.0,140.0,1.0,52.0,1.0,,,48.0,3.0,,,,,,,,,,,,,,,,,,,,,,,,,,
11,Germany_Baseload#19#0#10000106,2021-10-01 06:07:54.269000,120.0,1.0,137.0,3.0,108.5,1.0,140.0,1.0,93.8,1.0,,,52.0,1.0,,,48.0,3.0,,,,,,,,,,,,,,,,,,,,,,
12,Germany_Baseload#19#0#10000106,2021-10-01 06:07:54.301000,120.0,1.0,137.0,3.0,119.97,1.0,140.0,1.0,108.5,1.0,,,93.8,1.0,,,52.0,1.0,,,48.0,3.0,,,,,,,,,,,,,,,,,,
13,Germany_Baseload#19#0#10000106,2021-10-01 06:07:54.332000,120.0,1.0,137.0,3.0,119.97,1.0,140.0,1.0,119.94,1.0,,,108.5,1.0,,,93.8,1.0,,,52.0,1.0,,,48.0,3.0,,,,,,,,,,,,,,
14,Germany_Baseload#19#0#10000106,2021-10-01 06:07:59.786000,125.0,1.0,137.0,3.0,119.97,1.0,140.0,1.0,119.94,1.0,,,108.5,1.0,,,93.8,1.0,,,52.0,1.0,,,48.0,3.0,,,,,,,,,,,,,,
15,Germany_Baseload#19#0#10000106,2021-10-01 06:07:59.825000,125.0,1.0,137.0,3.0,119.97,1.0,140.0,1.0,108.5,1.0,,,93.8,1.0,,,52.0,1.0,,,48.0,3.0,,,,,,,,,,,,,,,,,,
16,Germany_Baseload#19#0#10000106,2021-10-01 06:07:59.827000,125.0,1.0,137.0,3.0,108.5,1.0,140.0,1.0,93.8,1.0,,,52.0,1.0,,,48.0,3.0,,,,,,,,,,,,,,,,,,,,,,
17,Germany_Baseload#19#0#10000106,2021-10-01 06:07:59.832000,125.0,1.0,137.0,3.0,124.97,1.0,140.0,1.0,108.5,1.0,,,93.8,1.0,,,52.0,1.0,,,48.0,3.0,,,,,,,,,,,,,,,,,,
18,Germany_Baseload#19#0#10000106,2021-10-01 06:07:59.848000,125.0,1.0,137.0,3.0,124.97,1.0,140.0,1.0,124.94,1.0,,,108.5,1.0,,,93.8,1.0,,,52.0,1.0,,,48.0,3.0,,,,,,,,,,,,,,
19,Germany_Baseload#19#0#10000106,2021-10-01 06:08:01.915000,126.0,1.0,137.0,3.0,125.0,1.0,140.0,1.0,124.97,1.0,,,124.94,1.0,,,108.5,1.0,,,93.8,1.0,,,52.0,1.0,,,48.0,3.0,,,,,,,,,,
20,Germany_Baseload#19#0#10000106,2021-10-01 06:08:16.406000,126.0,3.0,137.0,3.0,125.0,1.0,140.0,1.0,124.97,1.0,,,124.94,1.0,,,108.5,1.0,,,93.8,1.0,,,52.0,1.0,,,48.0,3.0,,,,,,,,,,
21,Germany_Baseload#19#0#10000106,2021-10-01 06:11:44.304000,126.0,4.0,137.0,3.0,125.0,1.0,140.0,1.0,124.97,1.0,,,124.94,1.0,,,108.5,1.0,,,93.8,1.0,,,52.0,1.0,,,48.0,3.0,,,,,,,,,,
22,Germany_Baseload#19#0#10000106,2021-10-01 06:12:08.787000,128.0,1.0,137.0,3.0,126.0,3.0,140.0,1.0,125.0,1.0,,,124.97,1.0,,,124.94,1.0,,,108.5,1.0,,,93.8,1.0,,,52.0,1.0,,,48.0,3.0,,,,,,
23,Germany_Baseload#19#0#10000106,2021-10-01 06:12:45.898000,128.0,1.0,137.0,3.0,126.0,1.0,140.0,1.0,125.0,1.0,,,124.97,1.0,,,124.94,1.0,,,108.5,1.0,,,93.8,1.0,,,52.0,1.0,,,48.0,3.0,,,,,,
24,Germany_Baseload#19#0#10000106,2021-10-01 06:13:29.822000,128.0,1.0,137.0,3.0,127.0,1.0,140.0,1.0,126.0,1.0,,,125.0,1.0,,,124.97,1.0,,,124.94,1.0,,,108.5,1.0,,,93.8,1.0,,,52.0,1.0,,,48.0,3.0,,
25,Germany_Baseload#19#0#10000106,2021-10-01 06:16:42.913000,128.0,1.0,137.0,3.0,127.0,1.0,140.0,1.0,126.0,1.0,,,125.0,1.0,,,124.97,1.0,,,124.94,1.0,,,108.5,1.0,,,93.8,1.0,,,52.0,1.0,,,48.0,3.0,,
26,Germany_Baseload#19#0#10000106,2021-10-01 06:16:42.956000,128.0,1.0,137.0,3.0,127.0,1.0,140.0,1.0,126.0,1.0,,,125.0,1.0,,,124.97,1.0,,,108.5,1.0,,,93.8,1.0,,,52.0,1.0,,,48.0,3.0,,,,,,
27,Germany_Baseload#19#0#10000106,2021-10-01 06:16:42.957000,128.0,1.0,137.0,3.0,127.0,1.0,140.0,1.0,126.0,1.0,,,125.0,1.0,,,108.5,1.0,,,93.8,1.0,,,52.0,1.0,,,48.0,3.0,,,,,,,,,,
28,Germany_Baseload#19#0#10000106,2021-10-01 06:16:42.960000,128.0,1.0,137.0,3.0,127.97,1.0,140.0,1.0,127.0,1.0,,,126.0,1.0,,,125.0,1.0,,,108.5,1.0,,,93.8,1.0,,,52.0,1.0,,,48.0,3.0,,,,,,
29,Germany_Baseload#19#0#10000106,2021-10-01 06:16:42.975000,128.0,1.0,137.0,3.0,127.97,1.0,140.0,1.0,127.94,1.0,,,127.0,1.0,,,126.0,1.0,,,125.0,1.0,,,108.5,1.0,,,93.8,1.0,,,52.0,1.0,,,48.0,3.0,,
30,Germany_Baseload#19#0#10000106,2021-10-01 06:16:45.195000,128.0,1.0,137.0,3.0,127.97,1.0,140.0,1.0,127.94,1.0,,,127.0,1.0,,,126.0,1.0,,,108.5,1.0,,,93.8,1.0,,,52.0,1.0,,,48.0,3.0,,,,,,
31,Germany_Baseload#19#0#10000106,2021-10-01 06:16:51.137000,128.0,1.0,137.0,3.0,127.97,1.0,140.0,1.0,127.94,1.0,,,126.0,1.0,,,108.5,1.0,,,93.8,1.0,,,52.0,1.0,,,48.0,3.0,,,,,,,,,,
32,Germany_Baseload#19#0#10000106,2021-10-01 06:17:35.931000,128.0,2.0,137.0,3.0,127.97,1.0,140.0,1.0,127.94,1.0,,,126.0,3.0,,,108.5,1.0,,,93.8,1.0,,,52.0,1.0,,,48.0,3.0,,,,,,,,,,
33,Germany_Baseload#19#0#10000106,2021-10-01 06:18:11.480000,128.0,2.0,137.0,3.0,127.97,1.0,140.0,1.0,127.94,1.0,,,126.0,3.0,,,108.5,1.0,,,93.8,1.0,,,52.0,1.0,,,48.0,3.0,,,,,,,,,,
34,Germany_Baseload#19#0#10000106,2021-10-01 06:18:11.891000,128.0,2.0,137.0,3.0,127.97,1.0,140.0,1.0,126.0,3.0,,,108.5,1.0,,,93.8,1.0,,,52.0,1.0,,,48.0,3.0,,,,,,,,,,,,,,
35,Germany_Baseload#19#0#10000106,2021-10-01 06:18:11.892000,128.0,3.0,137.0,3.0,126.0,3.0,140.0,1.0,108.5,1.0,,,93.8,1.0,,,52.0,1.0,,,48.0,3.0,,,,,,,,,,,,,,,,,,
36,Germany_Baseload#19#0#10000106,2021-10-01 06:18:17.434000,129.0,1.0,137.0,3.0,128.0,3.0,140.0,1.0,126.0,3.0,,,108.5,1.0,,,93.8,1.0,,,52.0,1.0,,,48.0,3.0,,,,,,,,,,,,,,
37,Germany_Baseload#19#0#10000106,2021-10-01 06:18:30.991000,129.0,1.0,137.0,3.0,128.0,3.0,140.0,1.0,126.0,3.0,,,108.5,1.0,,,108.49,1.0,,,93.8,1.0,,,52.0,1.0,,,48.0,3.0,,,,,,,,,,
38,Germany_Baseload#19#0#10000106,2021-10-01 06:18:43.912000,129.0,1.0,137.0,3.0,128.0,2.0,140.0,1.0,126.0,3.0,,,108.5,1.0,,,108.49,1.0,,,93.8,1.0,,,52.0,1.0,,,48.0,3.0,,,,,,,,,,
39,Germany_Baseload#19#0#10000106,2021-10-01 06:20:48.414000,129.0,1.0,137.0,3.0,128.0,2.0,140.0,1.0,126.0,3.0,,,124.0,5.0,,,108.5,1.0,,,108.49,1.0,,,93.8,1.0,,,52.0,1.0,,,48.0,3.0,,,,,,
40,Germany_Baseload#19#0#10000106,2021-10-01 06:21:04.658000,130.0,1.0,137.0,3.0,129.0,1.0,140.0,1.0,128.0,2.0,,,126.0,3.0,,,124.0,5.0,,,108.5,1.0,,,108.49,1.0,,,93.8,1.0,,,52.0,1.0,,,48.0,3.0,,
41,Germany_Baseload#19#0#10000106,2021-10-01 06:21:23.949000,130.0,1.0,136.0,1.0,129.0,1.0,137.0,3.0,128.0,2.0,140.0,1.0,126.0,3.0,,,124.0,5.0,,,108.5,1.0,,,108.49,1.0,,,93.8,1.0,,,52.0,1.0,,,48.0,3.0,,
42,Germany_Baseload#19#0#10000106,2021-10-01 06:21:34.080000,130.0,1.0,135.0,2.0,129.0,1.0,136.0,1.0,128.0,2.0,137.0,1.0,126.0,3.0,140.0,1.0,124.0,5.0,,,108.5,1.0,,,108.49,1.0,,,93.8,1.0,,,52.0,1.0,,,48.0,3.0,,
43,Germany_Baseload#19#0#10000106,2021-10-01 06:22:40.620000,130.0,1.0,135.0,3.0,129.0,1.0,136.0,1.0,128.0,2.0,140.0,1.0,126.0,3.0,,,124.0,5.0,,,108.5,1.0,,,108.49,1.0,,,93.8,1.0,,,52.0,1.0,,,48.0,3.0,,
44,Germany_Baseload#19#0#10000106,2021-10-01 06:24:33.893000,130.0,1.0,135.0,3.0,129.0,1.0,136.0,1.0,128.0,2.0,140.0,1.0,126.0,3.0,,,124.0,5.0,,,108.5,1.0,,,108.49,1.0,,,93.8,1.0,,,52.0,1.0,,,48.0,3.0,,
45,Germany_Baseload#19#0#10000106,2021-10-01 06:25:07.891000,130.0,1.0,135.0,3.0,129.0,1.0,136.0,1.0,128.0,2.0,140.0,1.0,126.0,1.0,,,124.0,5.0,,,108.5,1.0,,,108.49,1.0,,,93.8,1.0,,,52.0,1.0,,,48.0,3.0,,
46,Germany_Baseload#19#0#10000106,2021-10-01 06:26:06.366000,130.0,1.0,130.4,1.0,129.0,1.0,135.0,3.0,128.0,2.0,136.0,1.0,126.0,1.0,140.0,1.0,124.0,5.0,,,108.5,1.0,,,108.49,1.0,,,93.8,1.0,,,52.0,1.0,,,48.0,3.0,,
47,Germany_Baseload#19#0#10000106,2021-10-01 06:26:15.103000,130.0,1.0,130.4,1.0,128.0,2.0,135.0,3.0,126.0,1.0,136.0,1.0,124.0,5.0,140.0,1.0,108.5,1.0,,,108.49,1.0,,,93.8,1.0,,,52.0,1.0,,,48.0,3.0,,,,,,
48,Germany_Baseload#19#0#10000106,2021-10-01 06:26:38.137000,130.6,1.0,130.4,1.0,128.0,2.0,135.0,3.0,126.0,1.0,136.0,1.0,124.0,5.0,140.0,1.0,108.5,1.0,,,108.49,1.0,,,93.8,1.0,,,52.0,1.0,,,48.0,3.0,,,,,,
49,Germany_Baseload#19#0#10000106,2021-10-01 06:26:39.715000,130.6,1.0,135.0,3.0,128.0,2.0,136.0,1.0,126.0,1.0,140.0,1.0,124.0,5.0,,,108.5,1.0,,,108.49,1.0,,,93.8,1.0,,,52.0,1.0,,,48.0,3.0,,,,,,
50,Germany_Baseload#19#0#10000106,2021-10-01 06:26:58.964000,130.6,1.0,135.0,3.0,128.0,2.0,136.0,1.0,126.0,1.0,140.0,1.0,124.0,5.0,,,108.5,1.0,,,108.49,1.0,,,103.4,1.0,,,93.8,1.0,,,52.0,1.0,,,48.0,3.0,,
51,Germany_Baseload#19#0#10000106,2021-10-01 06:27:06.454000,130.6,1.0,135.0,3.0,130.4,1.0,136.0,1.0,128.0,2.0,140.0,1.0,126.0,1.0,,,124.0,5.0,,,108.5,1.0,,,108.49,1.0,,,93.8,1.0,,,52.0,1.0,,,48.0,3.0,,
52,Germany_Baseload#19#0#10000106,2021-10-01 06:27:22.014000,130.6,1.0,134.99,1.0,130.4,1.0,135.0,3.0,128.0,2.0,136.0,1.0,126.0,1.0,140.0,1.0,124.0,5.0,,,108.5,1.0,,,108.49,1.0,,,93.8,1.0,,,52.0,1.0,,,48.0,3.0,,
53,Germany_Baseload#19#0#10000106,2021-10-01 06:27:47.201000,130.6,1.0,134.98,1.0,130.4,1.0,134.99,1.0,128.0,2.0,135.0,3.0,126.0,1.0,136.0,1.0,124.0,5.0,140.0,1.0,108.5,1.0,,,108.49,1.0,,,93.8,1.0,,,52.0,1.0,,,48.0,3.0,,
54,Germany_Baseload#19#0#10000106,2021-10-01 06:27:47.298000,130.6,1.0,134.97,1.0,130.4,1.0,134.98,1.0,128.0,2.0,134.99,1.0,126.0,1.0,135.0,3.0,124.0,5.0,136.0,1.0,108.5,1.0,140.0,1.0,108.49,1.0,,,93.8,1.0,,,52.0,1.0,,,48.0,3.0,,
55,Germany_Baseload#19#0#10000106,2021-10-01 06:27:47.299000,130.6,1.0,134.97,1.0,130.4,1.0,134.99,1.0,128.0,2.0,135.0,3.0,126.0,1.0,136.0,1.0,124.0,5.0,140.0,1.0,108.5,1.0,,,108.49,1.0,,,93.8,1.0,,,52.0,1.0,,,48.0,3.0,,
56,Germany_Baseload#19#0#10000106,2021-10-01 06:27:47.507000,130.6,1.0,134.96,1.0,130.4,1.0,134.97,1.0,128.0,2.0,134.99,1.0,126.0,1.0,135.0,3.0,124.0,5.0,136.0,1.0,108.5,1.0,140.0,1.0,108.49,1.0,,,93.8,1.0,,,52.0,1.0,,,48.0,3.0,,
57,Germany_Baseload#19#0#10000106,2021-10-01 06:27:47.508000,130.6,1.0,134.96,1.0,130.4,1.0,134.99,1.0,128.0,2.0,135.0,3.0,126.0,1.0,136.0,1.0,124.0,5.0,140.0,1.0,108.5,1.0,,,108.49,1.0,,,93.8,1.0,,,52.0,1.0,,,48.0,3.0,,
58,Germany_Baseload#19#0#10000106,2021-10-01 06:27:47.706000,130.6,1.0,134.95,1.0,130.4,1.0,134.99,1.0,128.0,2.0,135.0,3.0,126.0,1.0,136.0,1.0,124.0,5.0,140.0,1.0,108.5,1.0,,,108.49,1.0,,,93.8,1.0,,,52.0,1.0,,,48.0,3.0,,
59,Germany_Baseload#19#0#10000106,2021-10-01 06:27:47.902000,130.6,1.0,134.94,1.0,130.4,1.0,134.99,1.0,128.0,2.0,135.0,3.0,126.0,1.0,136.0,1.0,124.0,5.0,140.0,1.0,108.5,1.0,,,108.49,1.0,,,93.8,1.0,,,52.0,1.0,,,48.0,3.0,,
60,Germany_Baseload#19#0#10000106,2021-10-01 06:27:48.099000,130.6,1.0,134.93,1.0,130.4,1.0,134.99,1.0,128.0,2.0,135.0,3.0,126.0,1.0,136.0,1.0,124.0,5.0,140.0,1.0,108.5,1.0,,,108.49,1.0,,,93.8,1.0,,,52.0,1.0,,,48.0,3.0,,
61,Germany_Baseload#19#0#10000106,2021-10-01 06:27:48.304000,130.6,1.0,134.92,1.0,130.4,1.0,134.99,1.0,128.0,2.0,135.0,3.0,126.0,1.0,136.0,1.0,124.0,5.0,140.0,1.0,108.5,1.0,,,108.49,1.0,,,93.8,1.0,,,52.0,1.0,,,48.0,3.0,,
62,Germany_Baseload#19#0#10000106,2021-10-01 06:27:48.501000,130.6,1.0,134.91,1.0,130.4,1.0,134.92,1.0,128.0,2.0,134.99,1.0,126.0,1.0,135.0,3.0,124.0,5.0,136.0,1.0,108.5,1.0,140.0,1.0,108.49,1.0,,,93.8,1.0,,,52.0,1.0,,,48.0,3.0,,
63,Germany_Baseload#19#0#10000106,2021-10-01 06:27:48.502000,130.6,1.0,134.91,1.0,130.4,1.0,134.99,1.0,128.0,2.0,135.0,3.0,126.0,1.0,136.0,1.0,124.0,5.0,140.0,1.0,108.5,1.0,,,108.49,1.0,,,93.8,1.0,,,52.0,1.0,,,48.0,3.0,,
64,Germany_Baseload#19#0#10000106,2021-10-01 06:27:48.704000,130.6,1.0,134.9,1.0,130.4,1.0,134.99,1.0,128.0,2.0,135.0,3.0,126.0,1.0,136.0,1.0,124.0,5.0,140.0,1.0,108.5,1.0,,,108.49,1.0,,,93.8,1.0,,,52.0,1.0,,,48.0,3.0,,
65,Germany_Baseload#19#0#10000106,2021-10-01 06:27:48.906000,130.6,1.0,134.89,1.0,130.4,1.0,134.99,1.0,128.0,2.0,135.0,3.0,126.0,1.0,136.0,1.0,124.0,5.0,140.0,1.0,108.5,1.0,,,108.49,1.0,,,93.8,1.0,,,52.0,1.0,,,48.0,3.0,,
66,Germany_Baseload#19#0#10000106,2021-10-01 06:27:49.101000,130.6,1.0,134.88,1.0,130.4,1.0,134.89,1.0,128.0,2.0,134.99,1.0,126.0,1.0,135.0,3.0,124.0,5.0,136.0,1.0,108.5,1.0,140.0,1.0,108.49,1.0,,,93.8,1.0,,,52.0,1.0,,,48.0,3.0,,
67,Germany_Baseload#19#0#10000106,2021-10-01 06:27:49.102000,130.6,1.0,134.88,1.0,130.4,1.0,134.99,1.0,128.0,2.0,135.0,3.0,126.0,1.0,136.0,1.0,124.0,5.0,140.0,1.0,108.5,1.0,,,108.49,1.0,,,93.8,1.0,,,52.0,1.0,,,48.0,3.0,,
68,Germany_Baseload#19#0#10000106,2021-10-01 06:27:49.303000,130.6,1.0,134.87,1.0,130.4,1.0,134.99,1.0,128.0,2.0,135.0,3.0,126.0,1.0,136.0,1.0,124.0,5.0,140.0,1.0,108.5,1.0,,,108.49,1.0,,,93.8,1.0,,,52.0,1.0,,,48.0,3.0,,
69,Germany_Baseload#19#0#10000106,2021-10-01 06:27:49.500000,130.6,1.0,134.86,1.0,130.4,1.0,134.87,1.0,128.0,2.0,134.99,1.0,126.0,1.0,135.0,3.0,124.0,5.0,136.0,1.0,108.5,1.0,140.0,1.0,108.49,1.0,,,93.8,1.0,,,52.0,1.0,,,48.0,3.0,,
70,Germany_Baseload#19#0#10000106,2021-10-01 06:27:49.501000,130.6,1.0,134.86,1.0,130.4,1.0,134.99,1.0,128.0,2.0,135.0,3.0,126.0,1.0,136.0,1.0,124.0,5.0,140.0,1.0,108.5,1.0,,,108.49,1.0,,,93.8,1.0,,,52.0,1.0,,,48.0,3.0,,
71,Germany_Baseload#19#0#10000106,2021-10-01 06:27:49.698000,130.6,1.0,134.85,1.0,130.4,1.0,134.99,1.0,128.0,2.0,135.0,3.0,126.0,1.0,136.0,1.0,124.0,5.0,140.0,1.0,108.5,1.0,,,108.49,1.0,,,93.8,1.0,,,52.0,1.0,,,48.0,3.0,,
72,Germany_Baseload#19#0#10000106,2021-10-01 06:27:49.905000,130.6,1.0,134.84,1.0,130.4,1.0,134.99,1.0,128.0,2.0,135.0,3.0,126.0,1.0,136.0,1.0,124.0,5.0,140.0,1.0,108.5,1.0,,,108.49,1.0,,,93.8,1.0,,,52.0,1.0,,,48.0,3.0,,
73,Germany_Baseload#19#0#10000106,2021-10-01 06:27:50.102000,130.6,1.0,134.83,1.0,130.4,1.0,134.99,1.0,128.0,2.0,135.0,3.0,126.0,1.0,136.0,1.0,124.0,5.0,140.0,1.0,108.5,1.0,,,108.49,1.0,,,93.8,1.0,,,52.0,1.0,,,48.0,3.0,,
74,Germany_Baseload#19#0#10000106,2021-10-01 06:27:50.308000,130.6,1.0,134.82,1.0,130.4,1.0,134.99,1.0,128.0,2.0,135.0,3.0,126.0,1.0,136.0,1.0,124.0,5.0,140.0,1.0,108.5,1.0,,,108.49,1.0,,,93.8,1.0,,,52.0,1.0,,,48.0,3.0,,
75,Germany_Baseload#19#0#10000106,2021-10-01 06:27:50.496000,130.6,1.0,134.81,1.0,130.4,1.0,134.99,1.0,128.0,2.0,135.0,3.0,126.0,1.0,136.0,1.0,124.0,5.0,140.0,1.0,108.5,1.0,,,108.49,1.0,,,93.8,1.0,,,52.0,1.0,,,48.0,3.0,,
76,Germany_Baseload#19#0#10000106,2021-10-01 06:27:50.702000,130.6,1.0,134.8,1.0,130.4,1.0,134.99,1.0,128.0,2.0,135.0,3.0,126.0,1.0,136.0,1.0,124.0,5.0,140.0,1.0,108.5,1.0,,,108.49,1.0,,,93.8,1.0,,,52.0,1.0,,,48.0,3.0,,
77,Germany_Baseload#19#0#10000106,2021-10-01 06:27:50.903000,130.6,1.0,134.79,1.0,130.4,1.0,134.99,1.0,128.0,2.0,135.0,3.0,126.0,1.0,136.0,1.0,124.0,5.0,140.0,1.0,108.5,1.0,,,108.49,1.0,,,93.8,1.0,,,52.0,1.0,,,48.0,3.0,,
78,Germany_Baseload#19#0#10000106,2021-10-01 06:27:51.098000,130.6,1.0,134.78,1.0,130.4,1.0,134.99,1.0,128.0,2.0,135.0,3.0,126.0,1.0,136.0,1.0,124.0,5.0,140.0,1.0,108.5,1.0,,,108.49,1.0,,,93.8,1.0,,,52.0,1.0,,,48.0,3.0,,
79,Germany_Baseload#19#0#10000106,2021-10-01 06:27:51.301000,130.6,1.0,134.77,1.0,130.4,1.0,134.78,1.0,128.0,2.0,134.99,1.0,126.0,1.0,135.0,3.0,124.0,5.0,136.0,1.0,108.5,1.0,140.0,1.0,108.49,1.0,,,93.8,1.0,,,52.0,1.0,,,48.0,3.0,,
80,Germany_Baseload#19#0#10000106,2021-10-01 06:27:51.302000,130.6,1.0,134.77,1.0,130.4,1.0,134.99,1.0,128.0,2.0,135.0,3.0,126.0,1.0,136.0,1.0,124.0,5.0,140.0,1.0,108.5,1.0,,,108.49,1.0,,,93.8,1.0,,,52.0,1.0,,,48.0,3.0,,
81,Germany_Baseload#19#0#10000106,2021-10-01 06:27:51.498000,130.6,1.0,134.76,1.0,130.4,1.0,134.99,1.0,128.0,2.0,135.0,3.0,126.0,1.0,136.0,1.0,124.0,5.0,140.0,1.0,108.5,1.0,,,108.49,1.0,,,93.8,1.0,,,52.0,1.0,,,48.0,3.0,,
82,Germany_Baseload#19#0#10000106,2021-10-01 06:27:51.710000,130.6,1.0,134.75,1.0,130.4,1.0,134.99,1.0,128.0,2.0,135.0,3.0,126.0,1.0,136.0,1.0,124.0,5.0,140.0,1.0,108.5,1.0,,,108.49,1.0,,,93.8,1.0,,,52.0,1.0,,,48.0,3.0,,
83,Germany_Baseload#19#0#10000106,2021-10-01 06:27:51.898000,130.6,1.0,134.74,1.0,130.4,1.0,134.99,1.0,128.0,2.0,135.0,3.0,126.0,1.0,136.0,1.0,124.0,5.0,140.0,1.0,108.5,1.0,,,108.49,1.0,,,93.8,1.0,,,52.0,1.0,,,48.0,3.0,,
84,Germany_Baseload#19#0#10000106,2021-10-01 06:27:52.099000,130.6,1.0,134.73,1.0,130.4,1.0,134.99,1.0,128.0,2.0,135.0,3.0,126.0,1.0,136.0,1.0,124.0,5.0,140.0,1.0,108.5,1.0,,,108.49,1.0,,,93.8,1.0,,,52.0,1.0,,,48.0,3.0,,
85,Germany_Baseload#19#0#10000106,2021-10-01 06:27:52.311000,130.6,1.0,134.72,1.0,130.4,1.0,134.99,1.0,128.0,2.0,135.0,3.0,126.0,1.0,136.0,1.0,124.0,5.0,140.0,1.0,108.5,1.0,,,108.49,1.0,,,93.8,1.0,,,52.0,1.0,,,48.0,3.0,,
86,Germany_Baseload#19#0#10000106,2021-10-01 06:27:52.505000,130.6,1.0,134.71,1.0,130.4,1.0,134.99,1.0,128.0,2.0,135.0,3.0,126.0,1.0,136.0,1.0,124.0,5.0,140.0,1.0,108.5,1.0,,,108.49,1.0,,,93.8,1.0,,,52.0,1.0,,,48.0,3.0,,
87,Germany_Baseload#19#0#10000106,2021-10-01 06:27:52.700000,130.6,1.0,134.7,1.0,130.4,1.0,134.71,1.0,128.0,2.0,134.99,1.0,126.0,1.0,135.0,3.0,124.0,5.0,136.0,1.0,108.5,1.0,140.0,1.0,108.49,1.0,,,93.8,1.0,,,52.0,1.0,,,48.0,3.0,,
88,Germany_Baseload#19#0#10000106,2021-10-01 06:27:52.701000,130.6,1.0,134.7,1.0,130.4,1.0,134.99,1.0,128.0,2.0,135.0,3.0,126.0,1.0,136.0,1.0,124.0,5.0,140.0,1.0,108.5,1.0,,,108.49,1.0,,,93.8,1.0,,,52.0,1.0,,,48.0,3.0,,
89,Germany_Baseload#19#0#10000106,2021-10-01 06:27:52.904000,130.6,1.0,134.69,1.0,130.4,1.0,134.99,1.0,128.0,2.0,135.0,3.0,126.0,1.0,136.0,1.0,124.0,5.0,140.0,1.0,108.5,1.0,,,108.49,1.0,,,93.8,1.0,,,52.0,1.0,,,48.0,3.0,,
90,Germany_Baseload#19#0#10000106,2021-10-01 06:27:53.104000,130.6,1.0,134.68,1.0,130.4,1.0,134.69,1.0,128.0,2.0,134.99,1.0,126.0,1.0,135.0,3.0,124.0,5.0,136.0,1.0,108.5,1.0,140.0,1.0,108.49,1.0,,,93.8,1.0,,,52.0,1.0,,,48.0,3.0,,
91,Germany_Baseload#19#0#10000106,2021-10-01 06:27:53.105000,130.6,1.0,134.68,1.0,130.4,1.0,134.99,1.0,128.0,2.0,135.0,3.0,126.0,1.0,136.0,1.0,124.0,5.0,140.0,1.0,108.5,1.0,,,108.49,1.0,,,93.8,1.0,,,52.0,1.0,,,48.0,3.0,,
92,Germany_Baseload#19#0#10000106,2021-10-01 06:27:53.301000,130.6,1.0,134.67,1.0,130.4,1.0,134.99,1.0,128.0,2.0,135.0,3.0,126.0,1.0,136.0,1.0,124.0,5.0,140.0,1.0,108.5,1.0,,,108.49,1.0,,,93.8,1.0,,,52.0,1.0,,,48.0,3.0,,
93,Germany_Baseload#19#0#10000106,2021-10-01 06:27:53.502000,130.6,1.0,134.66,1.0,130.4,1.0,134.99,1.0,128.0,2.0,135.0,3.0,126.0,1.0,136.0,1.0,124.0,5.0,140.0,1.0,108.5,1.0,,,108.49,1.0,,,93.8,1.0,,,52.0,1.0,,,48.0,3.0,,
94,Germany_Baseload#19#0#10000106,2021-10-01 06:27:53.706000,130.6,1.0,134.65,1.0,130.4,1.0,134.99,1.0,128.0,2.0,135.0,3.0,126.0,1.0,136.0,1.0,124.0,5.0,140.0,1.0,108.5,1.0,,,108.49,1.0,,,93.8,1.0,,,52.0,1.0,,,48.0,3.0,,
95,Germany_Baseload#19#0#10000106,2021-10-01 06:27:53.902000,130.6,1.0,134.64,1.0,130.4,1.0,134.99,1.0,128.0,2.0,135.0,3.0,126.0,1.0,136.0,1.0,124.0,5.0,140.0,1.0,108.5,1.0,,,108.49,1.0,,,93.8,1.0,,,52.0,1.0,,,48.0,3.0,,
96,Germany_Baseload#19#0#10000106,2021-10-01 06:27:54.104000,130.6,1.0,134.63,1.0,130.4,1.0,134.99,1.0,128.0,2.0,135.0,3.0,126.0,1.0,136.0,1.0,124.0,5.0,140.0,1.0,108.5,1.0,,,108.49,1.0,,,93.8,1.0,,,52.0,1.0,,,48.0,3.0,,
97,Germany_Baseload#19#0#10000106,2021-10-01 06:27:54.301000,130.6,1.0,134.62,1.0,130.4,1.0,134.63,1.0,128.0,2.0,134.99,1.0,126.0,1.0,135.0,3.0,124.0,5.0,136.0,1.0,108.5,1.0,140.0,1.0,108.49,1.0,,,93.8,1.0,,,52.0,1.0,,,48.0,3.0,,
98,Germany_Baseload#19#0#10000106,2021-10-01 06:27:54.302000,130.6,1.0,134.62,1.0,130.4,1.0,134.99,1.0,128.0,2.0,135.0,3.0,126.0,1.0,136.0,1.0,124.0,5.0,140.0,1.0,108.5,1.0,,,108.49,1.0,,,93.8,1.0,,,52.0,1.0,,,48.0,3.0,,
99,Germany_Baseload#19#0#10000106,2021-10-01 06:27:54.502000,130.6,1.0,134.61,1.0,130.4,1.0,134.99,1.0,128.0,2.0,135.0,3.0,126.0,1.0,136.0,1.0,124.0,5.0,140.0,1.0,108.5,1.0,,,108.49,1.0,,,93.8,1.0,,,52.0,1.0,,,48.0,3.0,,
100,Germany_Baseload#19#0#10000106,2021-10-01 06:27:54.702000,130.6,1.0,134.6,1.0,130.4,1.0,134.99,1.0,128.0,2.0,135.0,3.0,126.0,1.0,136.0,1.0,124.0,5.0,140.0,1.0,108.5,1.0,,,108.49,1.0,,,93.8,1.0,,,52.0,1.0,,,48.0,3.0,,
101,Germany_Baseload#19#0#10000106,2021-10-01 06:27:54.905000,130.6,1.0,134.59,1.0,130.4,1.0,134.99,1.0,128.0,2.0,135.0,3.0,126.0,1.0,136.0,1.0,124.0,5.0,140.0,1.0,108.5,1.0,,,108.49,1.0,,,93.8,1.0,,,52.0,1.0,,,48.0,3.0,,
102,Germany_Baseload#19#0#10000106,2021-10-01 06:27:55.103000,130.6,1.0,134.58,1.0,130.4,1.0,134.59,1.0,128.0,2.0,134.99,1.0,126.0,1.0,135.0,3.0,124.0,5.0,136.0,1.0,108.5,1.0,140.0,1.0,108.49,1.0,,,93.8,1.0,,,52.0,1.0,,,48.0,3.0,,
103,Germany_Baseload#19#0#10000106,2021-10-01 06:27:55.104000,130.6,1.0,134.58,1.0,130.4,1.0,134.99,1.0,128.0,2.0,135.0,3.0,126.0,1.0,136.0,1.0,124.0,5.0,140.0,1.0,108.5,1.0,,,108.49,1.0,,,93.8,1.0,,,52.0,1.0,,,48.0,3.0,,
104,Germany_Baseload#19#0#10000106,2021-10-01 06:27:55.304000,130.6,1.0,134.57,1.0,130.4,1.0,134.99,1.0,128.0,2.0,135.0,3.0,126.0,1.0,136.0,1.0,124.0,5.0,140.0,1.0,108.5,1.0,,,108.49,1.0,,,93.8,1.0,,,52.0,1.0,,,48.0,3.0,,
105,Germany_Baseload#19#0#10000106,2021-10-01 06:27:55.500000,130.6,1.0,134.56,1.0,130.4,1.0,134.99,1.0,128.0,2.0,135.0,3.0,126.0,1.0,136.0,1.0,124.0,5.0,140.0,1.0,108.5,1.0,,,108.49,1.0,,,93.8,1.0,,,52.0,1.0,,,48.0,3.0,,
106,Germany_Baseload#19#0#10000106,2021-10-01 06:27:55.705000,130.6,1.0,134.55,1.0,130.4,1.0,134.99,1.0,128.0,2.0,135.0,3.0,126.0,1.0,136.0,1.0,124.0,5.0,140.0,1.0,108.5,1.0,,,108.49,1.0,,,93.8,1.0,,,52.0,1.0,,,48.0,3.0,,
107,Germany_Baseload#19#0#10000106,2021-10-01 06:27:55.898000,130.6,1.0,134.54,1.0,130.4,1.0,134.99,1.0,128.0,2.0,135.0,3.0,126.0,1.0,136.0,1.0,124.0,5.0,140.0,1.0,108.5,1.0,,,108.49,1.0,,,93.8,1.0,,,52.0,1.0,,,48.0,3.0,,
108,Germany_Baseload#19#0#10000106,2021-10-01 06:27:56.103000,130.6,1.0,134.53,1.0,130.4,1.0,134.99,1.0,128.0,2.0,135.0,3.0,126.0,1.0,136.0,1.0,124.0,5.0,140.0,1.0,108.5,1.0,,,108.49,1.0,,,93.8,1.0,,,52.0,1.0,,,48.0,3.0,,
109,Germany_Baseload#19#0#10000106,2021-10-01 06:27:56.305000,130.6,1.0,134.52,1.0,130.4,1.0,134.99,1.0,128.0,2.0,135.0,3.0,126.0,1.0,136.0,1.0,124.0,5.0,140.0,1.0,108.5,1.0,,,108.49,1.0,,,93.8,1.0,,,52.0,1.0,,,48.0,3.0,,
110,Germany_Baseload#19#0#10000106,2021-10-01 06:27:56.501000,130.6,1.0,134.51,1.0,130.4,1.0,134.99,1.0,128.0,2.0,135.0,3.0,126.0,1.0,136.0,1.0,124.0,5.0,140.0,1.0,108.5,1.0,,,108.49,1.0,,,93.8,1.0,,,52.0,1.0,,,48.0,3.0,,
111,Germany_Baseload#19#0#10000106,2021-10-01 06:27:56.703000,130.6,1.0,134.5,1.0,130.4,1.0,134.99,1.0,128.0,2.0,135.0,3.0,126.0,1.0,136.0,1.0,124.0,5.0,140.0,1.0,108.5,1.0,,,108.49,1.0,,,93.8,1.0,,,52.0,1.0,,,48.0,3.0,,
112,Germany_Baseload#19#0#10000106,2021-10-01 06:27:56.902000,130.6,1.0,134.49,1.0,130.4,1.0,134.99,1.0,128.0,2.0,135.0,3.0,126.0,1.0,136.0,1.0,124.0,5.0,140.0,1.0,108.5,1.0,,,108.49,1.0,,,93.8,1.0,,,52.0,1.0,,,48.0,3.0,,
113,Germany_Baseload#19#0#10000106,2021-10-01 06:27:57.106000,130.6,1.0,134.48,1.0,130.4,1.0,134.99,1.0,128.0,2.0,135.0,3.0,126.0,1.0,136.0,1.0,124.0,5.0,140.0,1.0,108.5,1.0,,,108.49,1.0,,,93.8,1.0,,,52.0,1.0,,,48.0,3.0,,
114,Germany_Baseload#19#0#10000106,2021-10-01 06:27:57.301000,130.6,1.0,134.47,1.0,130.4,1.0,134.99,1.0,128.0,2.0,135.0,3.0,126.0,1.0,136.0,1.0,124.0,5.0,140.0,1.0,108.5,1.0,,,108.49,1.0,,,93.8,1.0,,,52.0,1.0,,,48.0,3.0,,
115,Germany_Baseload#19#0#10000106,2021-10-01 06:27:57.504000,130.6,1.0,134.46,1.0,130.4,1.0,134.99,1.0,128.0,2.0,135.0,3.0,126.0,1.0,136.0,1.0,124.0,5.0,140.0,1.0,108.5,1.0,,,108.49,1.0,,,93.8,1.0,,,52.0,1.0,,,48.0,3.0,,
116,Germany_Baseload#19#0#10000106,2021-10-01 06:27:57.699000,130.6,1.0,134.45,1.0,130.4,1.0,134.99,1.0,128.0,2.0,135.0,3.0,126.0,1.0,136.0,1.0,124.0,5.0,140.0,1.0,108.5,1.0,,,108.49,1.0,,,93.8,1.0,,,52.0,1.0,,,48.0,3.0,,
117,Germany_Baseload#19#0#10000106,2021-10-01 06:27:57.901000,130.6,1.0,134.44,1.0,130.4,1.0,134.99,1.0,128.0,2.0,135.0,3.0,126.0,1.0,136.0,1.0,124.0,5.0,140.0,1.0,108.5,1.0,,,108.49,1.0,,,93.8,1.0,,,52.0,1.0,,,48.0,3.0,,
118,Germany_Baseload#19#0#10000106,2021-10-01 06:27:58.102000,130.6,1.0,134.43,1.0,130.4,1.0,134.99,1.0,128.0,2.0,135.0,3.0,126.0,1.0,136.0,1.0,124.0,5.0,140.0,1.0,108.5,1.0,,,108.49,1.0,,,93.8,1.0,,,52.0,1.0,,,48.0,3.0,,
119,Germany_Baseload#19#0#10000106,2021-10-01 06:27:58.302000,130.6,1.0,134.42,1.0,130.4,1.0,134.99,1.0,128.0,2.0,135.0,3.0,126.0,1.0,136.0,1.0,124.0,5.0,140.0,1.0,108.5,1.0,,,108.49,1.0,,,93.8,1.0,,,52.0,1.0,,,48.0,3.0,,
120,Germany_Baseload#19#0#10000106,2021-10-01 06:27:58.505000,130.6,1.0,134.41,1.0,130.4,1.0,134.99,1.0,128.0,2.0,135.0,3.0,126.0,1.0,136.0,1.0,124.0,5.0,140.0,1.0,108.5,1.0,,,108.49,1.0,,,93.8,1.0,,,52.0,1.0,,,48.0,3.0,,
121,Germany_Baseload#19#0#10000106,2021-10-01 06:27:58.703000,130.6,1.0,134.4,1.0,130.4,1.0,134.99,1.0,128.0,2.0,135.0,3.0,126.0,1.0,136.0,1.0,124.0,5.0,140.0,1.0,108.5,1.0,,,108.49,1.0,,,93.8,1.0,,,52.0,1.0,,,48.0,3.0,,
122,Germany_Baseload#19#0#10000106,2021-10-01 06:27:58.905000,130.6,1.0,134.39,1.0,130.4,1.0,134.99,1.0,128.0,2.0,135.0,3.0,126.0,1.0,136.0,1.0,124.0,5.0,140.0,1.0,108.5,1.0,,,108.49,1.0,,,93.8,1.0,,,52.0,1.0,,,48.0,3.0,,
123,Germany_Baseload#19#0#10000106,2021-10-01 06:27:59.102000,130.6,1.0,134.38,1.0,130.4,1.0,134.39,1.0,128.0,2.0,134.99,1.0,126.0,1.0,135.0,3.0,124.0,5.0,136.0,1.0,108.5,1.0,140.0,1.0,108.49,1.0,,,93.8,1.0,,,52.0,1.0,,,48.0,3.0,,
124,Germany_Baseload#19#0#10000106,2021-10-01 06:27:59.103000,130.6,1.0,134.38,1.0,130.4,1.0,134.99,1.0,128.0,2.0,135.0,3.0,126.0,1.0,136.0,1.0,124.0,5.0,140.0,1.0,108.5,1.0,,,108.49,1.0,,,93.8,1.0,,,52.0,1.0,,,48.0,3.0,,
125,Germany_Baseload#19#0#10000106,2021-10-01 06:27:59.300000,130.6,1.0,134.37,1.0,130.4,1.0,134.38,1.0,128.0,2.0,134.99,1.0,126.0,1.0,135.0,3.0,124.0,5.0,136.0,1.0,108.5,1.0,140.0,1.0,108.49,1.0,,,93.8,1.0,,,52.0,1.0,,,48.0,3.0,,
126,Germany_Baseload#19#0#10000106,2021-10-01 06:27:59.301000,130.6,1.0,134.37,1.0,130.4,1.0,134.99,1.0,128.0,2.0,135.0,3.0,126.0,1.0,136.0,1.0,124.0,5.0,140.0,1.0,108.5,1.0,,,108.49,1.0,,,93.8,1.0,,,52.0,1.0,,,48.0,3.0,,
127,Germany_Baseload#19#0#10000106,2021-10-01 06:27:59.499000,130.6,1.0,134.36,1.0,130.4,1.0,134.99,1.0,128.0,2.0,135.0,3.0,126.0,1.0,136.0,1.0,124.0,5.0,140.0,1.0,108.5,1.0,,,108.49,1.0,,,93.8,1.0,,,52.0,1.0,,,48.0,3.0,,
128,Germany_Baseload#19#0#10000106,2021-10-01 06:27:59.697000,130.6,1.0,134.35,1.0,130.4,1.0,134.99,1.0,128.0,2.0,135.0,3.0,126.0,1.0,136.0,1.0,124.0,5.0,140.0,1.0,108.5,1.0,,,108.49,1.0,,,93.8,1.0,,,52.0,1.0,,,48.0,3.0,,
129,Germany_Baseload#19#0#10000106,2021-10-01 06:27:59.905000,130.6,1.0,134.34,1.0,130.4,1.0,134.99,1.0,128.0,2.0,135.0,3.0,126.0,1.0,136.0,1.0,124.0,5.0,140.0,1.0,108.5,1.0,,,108.49,1.0,,,93.8,1.0,,,52.0,1.0,,,48.0,3.0,,
130,Germany_Baseload#19#0#10000106,2021-10-01 06:28:00.103000,130.6,1.0,134.33,1.0,130.4,1.0,134.99,1.0,128.0,2.0,135.0,3.0,126.0,1.0,136.0,1.0,124.0,5.0,140.0,1.0,108.5,1.0,,,108.49,1.0,,,93.8,1.0,,,52.0,1.0,,,48.0,3.0,,
131,Germany_Baseload#19#0#10000106,2021-10-01 06:28:00.302000,130.6,1.0,134.32,1.0,130.4,1.0,134.99,1.0,128.0,2.0,135.0,3.0,126.0,1.0,136.0,1.0,124.0,5.0,140.0,1.0,108.5,1.0,,,108.49,1.0,,,93.8,1.0,,,52.0,1.0,,,48.0,3.0,,
132,Germany_Baseload#19#0#10000106,2021-10-01 06:28:00.506000,130.6,1.0,134.31,1.0,130.4,1.0,134.32,1.0,128.0,2.0,134.99,1.0,126.0,1.0,135.0,3.0,124.0,5.0,136.0,1.0,108.5,1.0,140.0,1.0,108.49,1.0,,,93.8,1.0,,,52.0,1.0,,,48.0,3.0,,
133,Germany_Baseload#19#0#10000106,2021-10-01 06:28:00.507000,130.6,1.0,134.31,1.0,130.4,1.0,134.99,1.0,128.0,2.0,135.0,3.0,126.0,1.0,136.0,1.0,124.0,5.0,140.0,1.0,108.5,1.0,,,108.49,1.0,,,93.8,1.0,,,52.0,1.0,,,48.0,3.0,,
134,Germany_Baseload#19#0#10000106,2021-10-01 06:28:00.703000,130.6,1.0,134.3,1.0,130.4,1.0,134.99,1.0,128.0,2.0,135.0,3.0,126.0,1.0,136.0,1.0,124.0,5.0,140.0,1.0,108.5,1.0,,,108.49,1.0,,,93.8,1.0,,,52.0,1.0,,,48.0,3.0,,
135,Germany_Baseload#19#0#10000106,2021-10-01 06:28:00.901000,130.6,1.0,134.29,1.0,130.4,1.0,134.99,1.0,128.0,2.0,135.0,3.0,126.0,1.0,136.0,1.0,124.0,5.0,140.0,1.0,108.5,1.0,,,108.49,1.0,,,93.8,1.0,,,52.0,1.0,,,48.0,3.0,,
136,Germany_Baseload#19#0#10000106,2021-10-01 06:28:01.101000,130.6,1.0,134.28,1.0,130.4,1.0,134.99,1.0,128.0,2.0,135.0,3.0,126.0,1.0,136.0,1.0,124.0,5.0,140.0,1.0,108.5,1.0,,,108.49,1.0,,,93.8,1.0,,,52.0,1.0,,,48.0,3.0,,
137,Germany_Baseload#19#0#10000106,2021-10-01 06:28:01.305000,130.6,1.0,134.27,1.0,130.4,1.0,134.99,1.0,128.0,2.0,135.0,3.0,126.0,1.0,136.0,1.0,124.0,5.0,140.0,1.0,108.5,1.0,,,108.49,1.0,,,93.8,1.0,,,52.0,1.0,,,48.0,3.0,,
138,Germany_Baseload#19#0#10000106,2021-10-01 06:28:01.509000,130.6,1.0,134.26,1.0,130.4,1.0,134.27,1.0,128.0,2.0,134.99,1.0,126.0,1.0,135.0,3.0,124.0,5.0,136.0,1.0,108.5,1.0,140.0,1.0,108.49,1.0,,,93.8,1.0,,,52.0,1.0,,,48.0,3.0,,
139,Germany_Baseload#19#0#10000106,2021-10-01 06:28:01.510000,130.6,1.0,134.26,1.0,130.4,1.0,134.99,1.0,128.0,2.0,135.0,3.0,126.0,1.0,136.0,1.0,124.0,5.0,140.0,1.0,108.5,1.0,,,108.49,1.0,,,93.8,1.0,,,52.0,1.0,,,48.0,3.0,,
140,Germany_Baseload#19#0#10000106,2021-10-01 06:28:01.698000,130.6,1.0,134.25,1.0,130.4,1.0,134.26,1.0,128.0,2.0,134.99,1.0,126.0,1.0,135.0,3.0,124.0,5.0,136.0,1.0,108.5,1.0,140.0,1.0,108.49,1.0,,,93.8,1.0,,,52.0,1.0,,,48.0,3.0,,
141,Germany_Baseload#19#0#10000106,2021-10-01 06:28:01.699000,130.6,1.0,134.25,1.0,130.4,1.0,134.99,1.0,128.0,2.0,135.0,3.0,126.0,1.0,136.0,1.0,124.0,5.0,140.0,1.0,108.5,1.0,,,108.49,1.0,,,93.8,1.0,,,52.0,1.0,,,48.0,3.0,,
142,Germany_Baseload#19#0#10000106,2021-10-01 06:28:01.899000,130.6,1.0,134.24,1.0,130.4,1.0,134.99,1.0,128.0,2.0,135.0,3.0,126.0,1.0,136.0,1.0,124.0,5.0,140.0,1.0,108.5,1.0,,,108.49,1.0,,,93.8,1.0,,,52.0,1.0,,,48.0,3.0,,
143,Germany_Baseload#19#0#10000106,2021-10-01 06:28:02.100000,130.6,1.0,134.23,1.0,130.4,1.0,134.24,1.0,128.0,2.0,134.99,1.0,126.0,1.0,135.0,3.0,124.0,5.0,136.0,1.0,108.5,1.0,140.0,1.0,108.49,1.0,,,93.8,1.0,,,52.0,1.0,,,48.0,3.0,,
144,Germany_Baseload#19#0#10000106,2021-10-01 06:28:02.101000,130.6,1.0,134.23,1.0,130.4,1.0,134.99,1.0,128.0,2.0,135.0,3.0,126.0,1.0,136.0,1.0,124.0,5.0,140.0,1.0,108.5,1.0,,,108.49,1.0,,,93.8,1.0,,,52.0,1.0,,,48.0,3.0,,
145,Germany_Baseload#19#0#10000106,2021-10-01 06:28:02.303000,130.6,1.0,134.22,1.0,130.4,1.0,134.99,1.0,128.0,2.0,135.0,3.0,126.0,1.0,136.0,1.0,124.0,5.0,140.0,1.0,108.5,1.0,,,108.49,1.0,,,93.8,1.0,,,52.0,1.0,,,48.0,3.0,,
146,Germany_Baseload#19#0#10000106,2021-10-01 06:28:02.506000,130.6,1.0,134.21,1.0,130.4,1.0,134.22,1.0,128.0,2.0,134.99,1.0,126.0,1.0,135.0,3.0,124.0,5.0,136.0,1.0,108.5,1.0,140.0,1.0,108.49,1.0,,,93.8,1.0,,,52.0,1.0,,,48.0,3.0,,
147,Germany_Baseload#19#0#10000106,2021-10-01 06:28:02.507000,130.6,1.0,134.21,1.0,130.4,1.0,134.99,1.0,128.0,2.0,135.0,3.0,126.0,1.0,136.0,1.0,124.0,5.0,140.0,1.0,108.5,1.0,,,108.49,1.0,,,93.8,1.0,,,52.0,1.0,,,48.0,3.0,,
148,Germany_Baseload#19#0#10000106,2021-10-01 06:28:02.711000,130.6,1.0,134.2,1.0,130.4,1.0,134.21,1.0,128.0,2.0,134.99,1.0,126.0,1.0,135.0,3.0,124.0,5.0,136.0,1.0,108.5,1.0,140.0,1.0,108.49,1.0,,,93.8,1.0,,,52.0,1.0,,,48.0,3.0,,
149,Germany_Baseload#19#0#10000106,2021-10-01 06:28:02.712000,130.6,1.0,134.2,1.0,130.4,1.0,134.99,1.0,128.0,2.0,135.0,3.0,126.0,1.0,136.0,1.0,124.0,5.0,140.0,1.0,108.5,1.0,,,108.49,1.0,,,93.8,1.0,,,52.0,1.0,,,48.0,3.0,,
150,Germany_Baseload#19#0#10000106,2021-10-01 06:28:02.901000,130.6,1.0,134.19,1.0,130.4,1.0,134.2,1.0,128.0,2.0,134.99,1.0,126.0,1.0,135.0,3.0,124.0,5.0,136.0,1.0,108.5,1.0,140.0,1.0,108.49,1.0,,,93.8,1.0,,,52.0,1.0,,,48.0,3.0,,
151,Germany_Baseload#19#0#10000106,2021-10-01 06:28:02.902000,130.6,1.0,134.19,1.0,130.4,1.0,134.99,1.0,128.0,2.0,135.0,3.0,126.0,1.0,136.0,1.0,124.0,5.0,140.0,1.0,108.5,1.0,,,108.49,1.0,,,93.8,1.0,,,52.0,1.0,,,48.0,3.0,,
152,Germany_Baseload#19#0#10000106,2021-10-01 06:28:03.105000,130.6,1.0,134.18,1.0,130.4,1.0,134.99,1.0,128.0,2.0,135.0,3.0,126.0,1.0,136.0,1.0,124.0,5.0,140.0,1.0,108.5,1.0,,,108.49,1.0,,,93.8,1.0,,,52.0,1.0,,,48.0,3.0,,
153,Germany_Baseload#19#0#10000106,2021-10-01 06:28:03.300000,130.6,1.0,134.17,1.0,130.4,1.0,134.99,1.0,128.0,2.0,135.0,3.0,126.0,1.0,136.0,1.0,124.0,5.0,140.0,1.0,108.5,1.0,,,108.49,1.0,,,93.8,1.0,,,52.0,1.0,,,48.0,3.0,,
154,Germany_Baseload#19#0#10000106,2021-10-01 06:28:03.505000,130.6,1.0,134.16,1.0,130.4,1.0,134.99,1.0,128.0,2.0,135.0,3.0,126.0,1.0,136.0,1.0,124.0,5.0,140.0,1.0,108.5,1.0,,,108.49,1.0,,,93.8,1.0,,,52.0,1.0,,,48.0,3.0,,
155,Germany_Baseload#19#0#10000106,2021-10-01 06:28:03.702000,130.6,1.0,134.15,1.0,130.4,1.0,134.99,1.0,128.0,2.0,135.0,3.0,126.0,1.0,136.0,1.0,124.0,5.0,140.0,1.0,108.5,1.0,,,108.49,1.0,,,93.8,1.0,,,52.0,1.0,,,48.0,3.0,,
156,Germany_Baseload#19#0#10000106,2021-10-01 06:28:03.903000,130.6,1.0,134.14,1.0,130.4,1.0,134.99,1.0,128.0,2.0,135.0,3.0,126.0,1.0,136.0,1.0,124.0,5.0,140.0,1.0,108.5,1.0,,,108.49,1.0,,,93.8,1.0,,,52.0,1.0,,,48.0,3.0,,
157,Germany_Baseload#19#0#10000106,2021-10-01 06:28:04.024000,130.6,1.0,134.14,1.0,130.4,1.0,134.99,1.0,128.0,2.0,135.0,3.0,126.0,1.0,136.0,1.0,124.0,5.0,140.0,1.0,108.5,1.0,,,108.49,1.0,,,93.8,1.0,,,52.0,1.0,,,48.0,3.0,,
158,Germany_Baseload#19#0#10000106,2021-10-01 06:28:04.099000,130.6,1.0,134.13,1.0,130.4,1.0,134.14,1.0,128.0,2.0,134.99,1.0,126.0,1.0,135.0,3.0,124.0,5.0,136.0,1.0,108.5,1.0,140.0,1.0,108.49,1.0,,,93.8,1.0,,,52.0,1.0,,,48.0,3.0,,
159,Germany_Baseload#19#0#10000106,2021-10-01 06:28:04.100000,130.6,1.0,134.13,1.0,130.4,1.0,134.99,1.0,128.0,2.0,135.0,3.0,126.0,1.0,136.0,1.0,124.0,5.0,140.0,1.0,108.5,1.0,,,108.49,1.0,,,93.8,1.0,,,52.0,1.0,,,48.0,3.0,,
160,Germany_Baseload#19#0#10000106,2021-10-01 06:28:04.303000,130.6,1.0,134.12,1.0,130.4,1.0,134.99,1.0,128.0,2.0,135.0,3.0,126.0,1.0,136.0,1.0,124.0,5.0,140.0,1.0,108.5,1.0,,,108.49,1.0,,,93.8,1.0,,,52.0,1.0,,,48.0,3.0,,
161,Germany_Baseload#19#0#10000106,2021-10-01 06:28:04.511000,130.6,1.0,134.11,1.0,130.4,1.0,134.99,1.0,128.0,2.0,135.0,3.0,126.0,1.0,136.0,1.0,124.0,5.0,140.0,1.0,108.5,1.0,,,108.49,1.0,,,93.8,1.0,,,52.0,1.0,,,48.0,3.0,,
162,Germany_Baseload#19#0#10000106,2021-10-01 06:28:04.701000,130.6,1.0,134.1,1.0,130.4,1.0,134.99,1.0,128.0,2.0,135.0,3.0,126.0,1.0,136.0,1.0,124.0,5.0,140.0,1.0,108.5,1.0,,,108.49,1.0,,,93.8,1.0,,,52.0,1.0,,,48.0,3.0,,
163,Germany_Baseload#19#0#10000106,2021-10-01 06:28:04.906000,130.6,1.0,134.09,1.0,130.4,1.0,134.99,1.0,128.0,2.0,135.0,3.0,126.0,1.0,136.0,1.0,124.0,5.0,140.0,1.0,108.5,1.0,,,108.49,1.0,,,93.8,1.0,,,52.0,1.0,,,48.0,3.0,,
164,Germany_Baseload#19#0#10000106,2021-10-01 06:28:05.106000,130.6,1.0,134.08,1.0,130.4,1.0,134.99,1.0,128.0,2.0,135.0,3.0,126.0,1.0,136.0,1.0,124.0,5.0,140.0,1.0,108.5,1.0,,,108.49,1.0,,,93.8,1.0,,,52.0,1.0,,,48.0,3.0,,
165,Germany_Baseload#19#0#10000106,2021-10-01 06:28:05.304000,130.6,1.0,134.07,1.0,130.4,1.0,134.99,1.0,128.0,2.0,135.0,3.0,126.0,1.0,136.0,1.0,124.0,5.0,140.0,1.0,108.5,1.0,,,108.49,1.0,,,93.8,1.0,,,52.0,1.0,,,48.0,3.0,,
166,Germany_Baseload#19#0#10000106,2021-10-01 06:28:05.502000,130.6,1.0,134.06,1.0,130.4,1.0,134.99,1.0,128.0,2.0,135.0,3.0,126.0,1.0,136.0,1.0,124.0,5.0,140.0,1.0,108.5,1.0,,,108.49,1.0,,,93.8,1.0,,,52.0,1.0,,,48.0,3.0,,
167,Germany_Baseload#19#0#10000106,2021-10-01 06:28:05.699000,130.6,1.0,134.05,1.0,130.4,1.0,134.99,1.0,128.0,2.0,135.0,3.0,126.0,1.0,136.0,1.0,124.0,5.0,140.0,1.0,108.5,1.0,,,108.49,1.0,,,93.8,1.0,,,52.0,1.0,,,48.0,3.0,,
168,Germany_Baseload#19#0#10000106,2021-10-01 06:28:05.904000,130.6,1.0,134.04,1.0,130.4,1.0,134.99,1.0,128.0,2.0,135.0,3.0,126.0,1.0,136.0,1.0,124.0,5.0,140.0,1.0,108.5,1.0,,,108.49,1.0,,,93.8,1.0,,,52.0,1.0,,,48.0,3.0,,
169,Germany_Baseload#19#0#10000106,2021-10-01 06:28:06.103000,130.6,1.0,134.03,1.0,130.4,1.0,134.04,1.0,128.0,2.0,134.99,1.0,126.0,1.0,135.0,3.0,124.0,5.0,136.0,1.0,108.5,1.0,140.0,1.0,108.49,1.0,,,93.8,1.0,,,52.0,1.0,,,48.0,3.0,,
170,Germany_Baseload#19#0#10000106,2021-10-01 06:28:06.104000,130.6,1.0,134.03,1.0,130.4,1.0,134.99,1.0,128.0,2.0,135.0,3.0,126.0,1.0,136.0,1.0,124.0,5.0,140.0,1.0,108.5,1.0,,,108.49,1.0,,,93.8,1.0,,,52.0,1.0,,,48.0,3.0,,
171,Germany_Baseload#19#0#10000106,2021-10-01 06:28:06.303000,130.6,1.0,134.02,1.0,130.4,1.0,134.03,1.0,128.0,2.0,134.99,1.0,126.0,1.0,135.0,3.0,124.0,5.0,136.0,1.0,108.5,1.0,140.0,1.0,108.49,1.0,,,93.8,1.0,,,52.0,1.0,,,48.0,3.0,,
172,Germany_Baseload#19#0#10000106,2021-10-01 06:28:06.304000,130.6,1.0,134.02,1.0,130.4,1.0,134.99,1.0,128.0,2.0,135.0,3.0,126.0,1.0,136.0,1.0,124.0,5.0,140.0,1.0,108.5,1.0,,,108.49,1.0,,,93.8,1.0,,,52.0,1.0,,,48.0,3.0,,
173,Germany_Baseload#19#0#10000106,2021-10-01 06:28:06.502000,130.6,1.0,134.01,1.0,130.4,1.0,134.99,1.0,128.0,2.0,135.0,3.0,126.0,1.0,136.0,1.0,124.0,5.0,140.0,1.0,108.5,1.0,,,108.49,1.0,,,93.8,1.0,,,52.0,1.0,,,48.0,3.0,,
174,Germany_Baseload#19#0#10000106,2021-10-01 06:28:06.707000,130.6,1.0,134.0,1.0,130.4,1.0,134.01,1.0,128.0,2.0,134.99,1.0,126.0,1.0,135.0,3.0,124.0,5.0,136.0,1.0,108.5,1.0,140.0,1.0,108.49,1.0,,,93.8,1.0,,,52.0,1.0,,,48.0,3.0,,
175,Germany_Baseload#19#0#10000106,2021-10-01 06:28:06.708000,130.6,1.0,134.0,1.0,130.4,1.0,134.99,1.0,128.0,2.0,135.0,3.0,126.0,1.0,136.0,1.0,124.0,5.0,140.0,1.0,108.5,1.0,,,108.49,1.0,,,93.8,1.0,,,52.0,1.0,,,48.0,3.0,,
176,Germany_Baseload#19#0#10000106,2021-10-01 06:28:06.899000,130.6,1.0,133.99,1.0,130.4,1.0,134.99,1.0,128.0,2.0,135.0,3.0,126.0,1.0,136.0,1.0,124.0,5.0,140.0,1.0,108.5,1.0,,,108.49,1.0,,,93.8,1.0,,,52.0,1.0,,,48.0,3.0,,
177,Germany_Baseload#19#0#10000106,2021-10-01 06:28:07.101000,130.6,1.0,133.98,1.0,130.4,1.0,133.99,1.0,128.0,2.0,134.99,1.0,126.0,1.0,135.0,3.0,124.0,5.0,136.0,1.0,108.5,1.0,140.0,1.0,108.49,1.0,,,93.8,1.0,,,52.0,1.0,,,48.0,3.0,,
178,Germany_Baseload#19#0#10000106,2021-10-01 06:28:07.102000,130.6,1.0,133.98,1.0,130.4,1.0,134.99,1.0,128.0,2.0,135.0,3.0,126.0,1.0,136.0,1.0,124.0,5.0,140.0,1.0,108.5,1.0,,,108.49,1.0,,,93.8,1.0,,,52.0,1.0,,,48.0,3.0,,
179,Germany_Baseload#19#0#10000106,2021-10-01 06:28:07.304000,130.6,1.0,133.97,1.0,130.4,1.0,134.99,1.0,128.0,2.0,135.0,3.0,126.0,1.0,136.0,1.0,124.0,5.0,140.0,1.0,108.5,1.0,,,108.49,1.0,,,93.8,1.0,,,52.0,1.0,,,48.0,3.0,,
180,Germany_Baseload#19#0#10000106,2021-10-01 06:28:07.506000,130.6,1.0,133.96,1.0,130.4,1.0,134.99,1.0,128.0,2.0,135.0,3.0,126.0,1.0,136.0,1.0,124.0,5.0,140.0,1.0,108.5,1.0,,,108.49,1.0,,,93.8,1.0,,,52.0,1.0,,,48.0,3.0,,
181,Germany_Baseload#19#0#10000106,2021-10-01 06:28:07.703000,130.6,1.0,133.95,1.0,130.4,1.0,134.99,1.0,128.0,2.0,135.0,3.0,126.0,1.0,136.0,1.0,124.0,5.0,140.0,1.0,108.5,1.0,,,108.49,1.0,,,93.8,1.0,,,52.0,1.0,,,48.0,3.0,,
182,Germany_Baseload#19#0#10000106,2021-10-01 06:28:07.902000,130.6,1.0,133.94,1.0,130.4,1.0,134.99,1.0,128.0,2.0,135.0,3.0,126.0,1.0,136.0,1.0,124.0,5.0,140.0,1.0,108.5,1.0,,,108.49,1.0,,,93.8,1.0,,,52.0,1.0,,,48.0,3.0,,
183,Germany_Baseload#19#0#10000106,2021-10-01 06:28:08.109000,130.6,1.0,133.93,1.0,130.4,1.0,134.99,1.0,128.0,2.0,135.0,3.0,126.0,1.0,136.0,1.0,124.0,5.0,140.0,1.0,108.5,1.0,,,108.49,1.0,,,93.8,1.0,,,52.0,1.0,,,48.0,3.0,,
184,Germany_Baseload#19#0#10000106,2021-10-01 06:28:08.298000,130.6,1.0,133.92,1.0,130.4,1.0,134.99,1.0,128.0,2.0,135.0,3.0,126.0,1.0,136.0,1.0,124.0,5.0,140.0,1.0,108.5,1.0,,,108.49,1.0,,,93.8,1.0,,,52.0,1.0,,,48.0,3.0,,
185,Germany_Baseload#19#0#10000106,2021-10-01 06:28:08.499000,130.6,1.0,133.91,1.0,130.4,1.0,133.92,1.0,128.0,2.0,134.99,1.0,126.0,1.0,135.0,3.0,124.0,5.0,136.0,1.0,108.5,1.0,140.0,1.0,108.49,1.0,,,93.8,1.0,,,52.0,1.0,,,48.0,3.0,,
186,Germany_Baseload#19#0#10000106,2021-10-01 06:28:08.500000,130.6,1.0,133.91,1.0,130.4,1.0,134.99,1.0,128.0,2.0,135.0,3.0,126.0,1.0,136.0,1.0,124.0,5.0,140.0,1.0,108.5,1.0,,,108.49,1.0,,,93.8,1.0,,,52.0,1.0,,,48.0,3.0,,
187,Germany_Baseload#19#0#10000106,2021-10-01 06:28:08.706000,130.6,1.0,133.9,1.0,130.4,1.0,134.99,1.0,128.0,2.0,135.0,3.0,126.0,1.0,136.0,1.0,124.0,5.0,140.0,1.0,108.5,1.0,,,108.49,1.0,,,93.8,1.0,,,52.0,1.0,,,48.0,3.0,,
188,Germany_Baseload#19#0#10000106,2021-10-01 06:28:08.900000,130.6,1.0,133.89,1.0,130.4,1.0,134.99,1.0,128.0,2.0,135.0,3.0,126.0,1.0,136.0,1.0,124.0,5.0,140.0,1.0,108.5,1.0,,,108.49,1.0,,,93.8,1.0,,,52.0,1.0,,,48.0,3.0,,
189,Germany_Baseload#19#0#10000106,2021-10-01 06:28:09.104000,130.6,1.0,133.88,1.0,130.4,1.0,134.99,1.0,128.0,2.0,135.0,3.0,126.0,1.0,136.0,1.0,124.0,5.0,140.0,1.0,108.5,1.0,,,108.49,1.0,,,93.8,1.0,,,52.0,1.0,,,48.0,3.0,,
190,Germany_Baseload#19#0#10000106,2021-10-01 06:28:09.302000,130.6,1.0,133.87,1.0,130.4,1.0,134.99,1.0,128.0,2.0,135.0,3.0,126.0,1.0,136.0,1.0,124.0,5.0,140.0,1.0,108.5,1.0,,,108.49,1.0,,,93.8,1.0,,,52.0,1.0,,,48.0,3.0,,
191,Germany_Baseload#19#0#10000106,2021-10-01 06:28:09.508000,130.6,1.0,133.86,1.0,130.4,1.0,134.99,1.0,128.0,2.0,135.0,3.0,126.0,1.0,136.0,1.0,124.0,5.0,140.0,1.0,108.5,1.0,,,108.49,1.0,,,93.8,1.0,,,52.0,1.0,,,48.0,3.0,,
192,Germany_Baseload#19#0#10000106,2021-10-01 06:28:09.701000,130.6,1.0,133.85,1.0,130.4,1.0,134.99,1.0,128.0,2.0,135.0,3.0,126.0,1.0,136.0,1.0,124.0,5.0,140.0,1.0,108.5,1.0,,,108.49,1.0,,,93.8,1.0,,,52.0,1.0,,,48.0,3.0,,
193,Germany_Baseload#19#0#10000106,2021-10-01 06:28:09.898000,130.6,1.0,133.84,1.0,130.4,1.0,133.85,1.0,128.0,2.0,134.99,1.0,126.0,1.0,135.0,3.0,124.0,5.0,136.0,1.0,108.5,1.0,140.0,1.0,108.49,1.0,,,93.8,1.0,,,52.0,1.0,,,48.0,3.0,,
194,Germany_Baseload#19#0#10000106,2021-10-01 06:28:09.899000,130.6,1.0,133.84,1.0,130.4,1.0,134.99,1.0,128.0,2.0,135.0,3.0,126.0,1.0,136.0,1.0,124.0,5.0,140.0,1.0,108.5,1.0,,,108.49,1.0,,,93.8,1.0,,,52.0,1.0,,,48.0,3.0,,
195,Germany_Baseload#19#0#10000106,2021-10-01 06:28:10.103000,130.6,1.0,133.83,1.0,130.4,1.0,134.99,1.0,128.0,2.0,135.0,3.0,126.0,1.0,136.0,1.0,124.0,5.0,140.0,1.0,108.5,1.0,,,108.49,1.0,,,93.8,1.0,,,52.0,1.0,,,48.0,3.0,,
196,Germany_Baseload#19#0#10000106,2021-10-01 06:28:10.300000,130.6,1.0,133.82,1.0,130.4,1.0,134.99,1.0,128.0,2.0,135.0,3.0,126.0,1.0,136.0,1.0,124.0,5.0,140.0,1.0,108.5,1.0,,,108.49,1.0,,,93.8,1.0,,,52.0,1.0,,,48.0,3.0,,
197,Germany_Baseload#19#0#10000106,2021-10-01 06:28:10.503000,130.6,1.0,133.81,1.0,130.4,1.0,134.99,1.0,128.0,2.0,135.0,3.0,126.0,1.0,136.0,1.0,124.0,5.0,140.0,1.0,108.5,1.0,,,108.49,1.0,,,93.8,1.0,,,52.0,1.0,,,48.0,3.0,,
198,Germany_Baseload#19#0#10000106,2021-10-01 06:28:10.703000,130.6,1.0,133.8,1.0,130.4,1.0,134.99,1.0,128.0,2.0,135.0,3.0,126.0,1.0,136.0,1.0,124.0,5.0,140.0,1.0,108.5,1.0,,,108.49,1.0,,,93.8,1.0,,,52.0,1.0,,,48.0,3.0,,
199,Germany_Baseload#19#0#10000106,2021-10-01 06:28:10.904000,130.6,1.0,133.79,1.0,130.4,1.0,134.99,1.0,128.0,2.0,135.0,3.0,126.0,1.0,136.0,1.0,124.0,5.0,140.0,1.0,108.5,1.0,,,108.49,1.0,,,93.8,1.0,,,52.0,1.0,,,48.0,3.0,,
200,Germany_Baseload#19#0#10000106,2021-10-01 06:28:11.098000,130.6,1.0,133.78,1.0,130.4,1.0,133.79,1.0,128.0,2.0,134.99,1.0,126.0,1.0,135.0,3.0,124.0,5.0,136.0,1.0,108.5,1.0,140.0,1.0,108.49,1.0,,,93.8,1.0,,,52.0,1.0,,,48.0,3.0,,
201,Germany_Baseload#19#0#10000106,2021-10-01 06:28:11.099000,130.6,1.0,133.78,1.0,130.4,1.0,134.99,1.0,128.0,2.0,135.0,3.0,126.0,1.0,136.0,1.0,124.0,5.0,140.0,1.0,108.5,1.0,,,108.49,1.0,,,93.8,1.0,,,52.0,1.0,,,48.0,3.0,,
202,Germany_Baseload#19#0#10000106,2021-10-01 06:28:11.298000,130.6,1.0,133.77,1.0,130.4,1.0,134.99,1.0,128.0,2.0,135.0,3.0,126.0,1.0,136.0,1.0,124.0,5.0,140.0,1.0,108.5,1.0,,,108.49,1.0,,,93.8,1.0,,,52.0,1.0,,,48.0,3.0,,
203,Germany_Baseload#19#0#10000106,2021-10-01 06:28:11.499000,130.6,1.0,133.76,1.0,130.4,1.0,134.99,1.0,128.0,2.0,135.0,3.0,126.0,1.0,136.0,1.0,124.0,5.0,140.0,1.0,108.5,1.0,,,108.49,1.0,,,93.8,1.0,,,52.0,1.0,,,48.0,3.0,,
204,Germany_Baseload#19#0#10000106,2021-10-01 06:28:11.702000,130.6,1.0,133.75,1.0,130.4,1.0,134.99,1.0,128.0,2.0,135.0,3.0,126.0,1.0,136.0,1.0,124.0,5.0,140.0,1.0,108.5,1.0,,,108.49,1.0,,,93.8,1.0,,,52.0,1.0,,,48.0,3.0,,
205,Germany_Baseload#19#0#10000106,2021-10-01 06:28:11.901000,130.6,1.0,133.74,1.0,130.4,1.0,134.99,1.0,128.0,2.0,135.0,3.0,126.0,1.0,136.0,1.0,124.0,5.0,140.0,1.0,108.5,1.0,,,108.49,1.0,,,93.8,1.0,,,52.0,1.0,,,48.0,3.0,,
206,Germany_Baseload#19#0#10000106,2021-10-01 06:28:12.109000,130.6,1.0,133.73,1.0,130.4,1.0,134.99,1.0,128.0,2.0,135.0,3.0,126.0,1.0,136.0,1.0,124.0,5.0,140.0,1.0,108.5,1.0,,,108.49,1.0,,,93.8,1.0,,,52.0,1.0,,,48.0,3.0,,
207,Germany_Baseload#19#0#10000106,2021-10-01 06:28:12.307000,130.6,1.0,133.72,1.0,130.4,1.0,134.99,1.0,128.0,2.0,135.0,3.0,126.0,1.0,136.0,1.0,124.0,5.0,140.0,1.0,108.5,1.0,,,108.49,1.0,,,93.8,1.0,,,52.0,1.0,,,48.0,3.0,,
208,Germany_Baseload#19#0#10000106,2021-10-01 06:28:12.503000,130.6,1.0,133.71,1.0,130.4,1.0,134.99,1.0,128.0,2.0,135.0,3.0,126.0,1.0,136.0,1.0,124.0,5.0,140.0,1.0,108.5,1.0,,,108.49,1.0,,,93.8,1.0,,,52.0,1.0,,,48.0,3.0,,
209,Germany_Baseload#19#0#10000106,2021-10-01 06:28:12.703000,130.6,1.0,133.7,1.0,130.4,1.0,134.99,1.0,128.0,2.0,135.0,3.0,126.0,1.0,136.0,1.0,124.0,5.0,140.0,1.0,108.5,1.0,,,108.49,1.0,,,93.8,1.0,,,52.0,1.0,,,48.0,3.0,,
210,Germany_Baseload#19#0#10000106,2021-10-01 06:28:12.902000,130.6,1.0,133.69,1.0,130.4,1.0,134.99,1.0,128.0,2.0,135.0,3.0,126.0,1.0,136.0,1.0,124.0,5.0,140.0,1.0,108.5,1.0,,,108.49,1.0,,,93.8,1.0,,,52.0,1.0,,,48.0,3.0,,
211,Germany_Baseload#19#0#10000106,2021-10-01 06:28:13.106000,130.6,1.0,133.68,1.0,130.4,1.0,134.99,1.0,128.0,2.0,135.0,3.0,126.0,1.0,136.0,1.0,124.0,5.0,140.0,1.0,108.5,1.0,,,108.49,1.0,,,93.8,1.0,,,52.0,1.0,,,48.0,3.0,,
212,Germany_Baseload#19#0#10000106,2021-10-01 06:28:13.304000,130.6,1.0,133.67,1.0,130.4,1.0,133.68,1.0,128.0,2.0,134.99,1.0,126.0,1.0,135.0,3.0,124.0,5.0,136.0,1.0,108.5,1.0,140.0,1.0,108.49,1.0,,,93.8,1.0,,,52.0,1.0,,,48.0,3.0,,
213,Germany_Baseload#19#0#10000106,2021-10-01 06:28:13.305000,130.6,1.0,133.67,1.0,130.4,1.0,134.99,1.0,128.0,2.0,135.0,3.0,126.0,1.0,136.0,1.0,124.0,5.0,140.0,1.0,108.5,1.0,,,108.49,1.0,,,93.8,1.0,,,52.0,1.0,,,48.0,3.0,,
214,Germany_Baseload#19#0#10000106,2021-10-01 06:28:13.503000,130.6,1.0,133.66,1.0,130.4,1.0,134.99,1.0,128.0,2.0,135.0,3.0,126.0,1.0,136.0,1.0,124.0,5.0,140.0,1.0,108.5,1.0,,,108.49,1.0,,,93.8,1.0,,,52.0,1.0,,,48.0,3.0,,
215,Germany_Baseload#19#0#10000106,2021-10-01 06:28:13.704000,130.6,1.0,133.65,1.0,130.4,1.0,134.99,1.0,128.0,2.0,135.0,3.0,126.0,1.0,136.0,1.0,124.0,5.0,140.0,1.0,108.5,1.0,,,108.49,1.0,,,93.8,1.0,,,52.0,1.0,,,48.0,3.0,,
216,Germany_Baseload#19#0#10000106,2021-10-01 06:28:13.902000,130.6,1.0,133.64,1.0,130.4,1.0,134.99,1.0,128.0,2.0,135.0,3.0,126.0,1.0,136.0,1.0,124.0,5.0,140.0,1.0,108.5,1.0,,,108.49,1.0,,,93.8,1.0,,,52.0,1.0,,,48.0,3.0,,
217,Germany_Baseload#19#0#10000106,2021-10-01 06:28:14.101000,130.6,1.0,133.63,1.0,130.4,1.0,134.99,1.0,128.0,2.0,135.0,3.0,126.0,1.0,136.0,1.0,124.0,5.0,140.0,1.0,108.5,1.0,,,108.49,1.0,,,93.8,1.0,,,52.0,1.0,,,48.0,3.0,,
218,Germany_Baseload#19#0#10000106,2021-10-01 06:28:14.315000,130.6,1.0,133.62,1.0,130.4,1.0,134.99,1.0,128.0,2.0,135.0,3.0,126.0,1.0,136.0,1.0,124.0,5.0,140.0,1.0,108.5,1.0,,,108.49,1.0,,,93.8,1.0,,,52.0,1.0,,,48.0,3.0,,
219,Germany_Baseload#19#0#10000106,2021-10-01 06:28:14.499000,130.6,1.0,133.61,1.0,130.4,1.0,133.62,1.0,128.0,2.0,134.99,1.0,126.0,1.0,135.0,3.0,124.0,5.0,136.0,1.0,108.5,1.0,140.0,1.0,108.49,1.0,,,93.8,1.0,,,52.0,1.0,,,48.0,3.0,,
220,Germany_Baseload#19#0#10000106,2021-10-01 06:28:14.500000,130.6,1.0,133.61,1.0,130.4,1.0,134.99,1.0,128.0,2.0,135.0,3.0,126.0,1.0,136.0,1.0,124.0,5.0,140.0,1.0,108.5,1.0,,,108.49,1.0,,,93.8,1.0,,,52.0,1.0,,,48.0,3.0,,
221,Germany_Baseload#19#0#10000106,2021-10-01 06:28:14.702000,130.6,1.0,133.6,1.0,130.4,1.0,134.99,1.0,128.0,2.0,135.0,3.0,126.0,1.0,136.0,1.0,124.0,5.0,140.0,1.0,108.5,1.0,,,108.49,1.0,,,93.8,1.0,,,52.0,1.0,,,48.0,3.0,,
222,Germany_Baseload#19#0#10000106,2021-10-01 06:28:14.903000,130.6,1.0,133.59,1.0,130.4,1.0,133.6,1.0,128.0,2.0,134.99,1.0,126.0,1.0,135.0,3.0,124.0,5.0,136.0,1.0,108.5,1.0,140.0,1.0,108.49,1.0,,,93.8,1.0,,,52.0,1.0,,,48.0,3.0,,
223,Germany_Baseload#19#0#10000106,2021-10-01 06:28:14.904000,130.6,1.0,133.59,1.0,130.4,1.0,134.99,1.0,128.0,2.0,135.0,3.0,126.0,1.0,136.0,1.0,124.0,5.0,140.0,1.0,108.5,1.0,,,108.49,1.0,,,93.8,1.0,,,52.0,1.0,,,48.0,3.0,,
224,Germany_Baseload#19#0#10000106,2021-10-01 06:28:15.100000,130.6,1.0,133.58,1.0,130.4,1.0,134.99,1.0,128.0,2.0,135.0,3.0,126.0,1.0,136.0,1.0,124.0,5.0,140.0,1.0,108.5,1.0,,,108.49,1.0,,,93.8,1.0,,,52.0,1.0,,,48.0,3.0,,
225,Germany_Baseload#19#0#10000106,2021-10-01 06:28:15.306000,130.6,1.0,133.57,1.0,130.4,1.0,134.99,1.0,128.0,2.0,135.0,3.0,126.0,1.0,136.0,1.0,124.0,5.0,140.0,1.0,108.5,1.0,,,108.49,1.0,,,93.8,1.0,,,52.0,1.0,,,48.0,3.0,,
226,Germany_Baseload#19#0#10000106,2021-10-01 06:28:15.502000,130.6,1.0,133.56,1.0,130.4,1.0,134.99,1.0,128.0,2.0,135.0,3.0,126.0,1.0,136.0,1.0,124.0,5.0,140.0,1.0,108.5,1.0,,,108.49,1.0,,,93.8,1.0,,,52.0,1.0,,,48.0,3.0,,
227,Germany_Baseload#19#0#10000106,2021-10-01 06:28:15.706000,130.6,1.0,133.55,1.0,130.4,1.0,134.99,1.0,128.0,2.0,135.0,3.0,126.0,1.0,136.0,1.0,124.0,5.0,140.0,1.0,108.5,1.0,,,108.49,1.0,,,93.8,1.0,,,52.0,1.0,,,48.0,3.0,,
228,Germany_Baseload#19#0#10000106,2021-10-01 06:28:15.838000,130.6,1.0,133.55,1.0,130.4,1.0,134.99,1.0,128.5,1.0,135.0,3.0,128.0,2.0,136.0,1.0,124.0,5.0,140.0,1.0,108.5,1.0,,,108.49,1.0,,,93.8,1.0,,,52.0,1.0,,,48.0,3.0,,
229,Germany_Baseload#19#0#10000106,2021-10-01 06:28:15.901000,130.6,1.0,133.54,1.0,130.4,1.0,134.99,1.0,128.5,1.0,135.0,3.0,128.0,2.0,136.0,1.0,124.0,5.0,140.0,1.0,108.5,1.0,,,108.49,1.0,,,93.8,1.0,,,52.0,1.0,,,48.0,3.0,,
230,Germany_Baseload#19#0#10000106,2021-10-01 06:28:16.108000,130.6,1.0,133.53,1.0,130.4,1.0,134.99,1.0,128.5,1.0,135.0,3.0,128.0,2.0,136.0,1.0,124.0,5.0,140.0,1.0,108.5,1.0,,,108.49,1.0,,,93.8,1.0,,,52.0,1.0,,,48.0,3.0,,
231,Germany_Baseload#19#0#10000106,2021-10-01 06:28:16.302000,130.6,1.0,133.52,1.0,130.4,1.0,133.53,1.0,128.5,1.0,134.99,1.0,128.0,2.0,135.0,3.0,124.0,5.0,136.0,1.0,108.5,1.0,140.0,1.0,108.49,1.0,,,93.8,1.0,,,52.0,1.0,,,48.0,3.0,,
232,Germany_Baseload#19#0#10000106,2021-10-01 06:28:16.303000,130.6,1.0,133.52,1.0,130.4,1.0,134.99,1.0,128.5,1.0,135.0,3.0,128.0,2.0,136.0,1.0,124.0,5.0,140.0,1.0,108.5,1.0,,,108.49,1.0,,,93.8,1.0,,,52.0,1.0,,,48.0,3.0,,
233,Germany_Baseload#19#0#10000106,2021-10-01 06:28:16.501000,130.6,1.0,133.51,1.0,130.4,1.0,134.99,1.0,128.5,1.0,135.0,3.0,128.0,2.0,136.0,1.0,124.0,5.0,140.0,1.0,108.5,1.0,,,108.49,1.0,,,93.8,1.0,,,52.0,1.0,,,48.0,3.0,,
234,Germany_Baseload#19#0#10000106,2021-10-01 06:28:16.704000,130.6,1.0,133.5,1.0,130.4,1.0,134.99,1.0,128.5,1.0,135.0,3.0,128.0,2.0,136.0,1.0,124.0,5.0,140.0,1.0,108.5,1.0,,,108.49,1.0,,,93.8,1.0,,,52.0,1.0,,,48.0,3.0,,
235,Germany_Baseload#19#0#10000106,2021-10-01 06:28:16.899000,130.6,1.0,133.49,1.0,130.4,1.0,134.99,1.0,128.5,1.0,135.0,3.0,128.0,2.0,136.0,1.0,124.0,5.0,140.0,1.0,108.5,1.0,,,108.49,1.0,,,93.8,1.0,,,52.0,1.0,,,48.0,3.0,,
236,Germany_Baseload#19#0#10000106,2021-10-01 06:28:17.102000,130.6,1.0,133.48,1.0,130.4,1.0,134.99,1.0,128.5,1.0,135.0,3.0,128.0,2.0,136.0,1.0,124.0,5.0,140.0,1.0,108.5,1.0,,,108.49,1.0,,,93.8,1.0,,,52.0,1.0,,,48.0,3.0,,
237,Germany_Baseload#19#0#10000106,2021-10-01 06:28:17.299000,130.6,1.0,133.47,1.0,130.4,1.0,134.99,1.0,128.5,1.0,135.0,3.0,128.0,2.0,136.0,1.0,124.0,5.0,140.0,1.0,108.5,1.0,,,108.49,1.0,,,93.8,1.0,,,52.0,1.0,,,48.0,3.0,,
238,Germany_Baseload#19#0#10000106,2021-10-01 06:28:17.500000,130.6,1.0,133.46,1.0,130.4,1.0,133.47,1.0,128.5,1.0,134.99,1.0,128.0,2.0,135.0,3.0,124.0,5.0,136.0,1.0,108.5,1.0,140.0,1.0,108.49,1.0,,,93.8,1.0,,,52.0,1.0,,,48.0,3.0,,
239,Germany_Baseload#19#0#10000106,2021-10-01 06:28:17.501000,130.6,1.0,133.46,1.0,130.4,1.0,134.99,1.0,128.5,1.0,135.0,3.0,128.0,2.0,136.0,1.0,124.0,5.0,140.0,1.0,108.5,1.0,,,108.49,1.0,,,93.8,1.0,,,52.0,1.0,,,48.0,3.0,,
240,Germany_Baseload#19#0#10000106,2021-10-01 06:28:17.699000,130.6,1.0,133.45,1.0,130.4,1.0,134.99,1.0,128.5,1.0,135.0,3.0,128.0,2.0,136.0,1.0,124.0,5.0,140.0,1.0,108.5,1.0,,,108.49,1.0,,,93.8,1.0,,,52.0,1.0,,,48.0,3.0,,
241,Germany_Baseload#19#0#10000106,2021-10-01 06:28:17.915000,130.6,1.0,133.44,1.0,130.4,1.0,134.99,1.0,128.5,1.0,135.0,3.0,128.0,2.0,136.0,1.0,124.0,5.0,140.0,1.0,108.5,1.0,,,108.49,1.0,,,93.8,1.0,,,52.0,1.0,,,48.0,3.0,,
242,Germany_Baseload#19#0#10000106,2021-10-01 06:28:18.103000,130.6,1.0,133.43,1.0,130.4,1.0,134.99,1.0,128.5,1.0,135.0,3.0,128.0,2.0,136.0,1.0,124.0,5.0,140.0,1.0,108.5,1.0,,,108.49,1.0,,,93.8,1.0,,,52.0,1.0,,,48.0,3.0,,
243,Germany_Baseload#19#0#10000106,2021-10-01 06:28:18.304000,130.6,1.0,133.42,1.0,130.4,1.0,134.99,1.0,128.5,1.0,135.0,3.0,128.0,2.0,136.0,1.0,124.0,5.0,140.0,1.0,108.5,1.0,,,108.49,1.0,,,93.8,1.0,,,52.0,1.0,,,48.0,3.0,,
244,Germany_Baseload#19#0#10000106,2021-10-01 06:28:18.501000,130.6,1.0,133.41,1.0,130.4,1.0,134.99,1.0,128.5,1.0,135.0,3.0,128.0,2.0,136.0,1.0,124.0,5.0,140.0,1.0,108.5,1.0,,,108.49,1.0,,,93.8,1.0,,,52.0,1.0,,,48.0,3.0,,
245,Germany_Baseload#19#0#10000106,2021-10-01 06:28:18.703000,130.6,1.0,133.4,1.0,130.4,1.0,134.99,1.0,128.5,1.0,135.0,3.0,128.0,2.0,136.0,1.0,124.0,5.0,140.0,1.0,108.5,1.0,,,108.49,1.0,,,93.8,1.0,,,52.0,1.0,,,48.0,3.0,,
246,Germany_Baseload#19#0#10000106,2021-10-01 06:28:18.898000,130.6,1.0,133.39,1.0,130.4,1.0,134.99,1.0,128.5,1.0,135.0,3.0,128.0,2.0,136.0,1.0,124.0,5.0,140.0,1.0,108.5,1.0,,,108.49,1.0,,,93.8,1.0,,,52.0,1.0,,,48.0,3.0,,
247,Germany_Baseload#19#0#10000106,2021-10-01 06:28:19.100000,130.6,1.0,133.38,1.0,130.4,1.0,134.99,1.0,128.5,1.0,135.0,3.0,128.0,2.0,136.0,1.0,124.0,5.0,140.0,1.0,108.5,1.0,,,108.49,1.0,,,93.8,1.0,,,52.0,1.0,,,48.0,3.0,,
248,Germany_Baseload#19#0#10000106,2021-10-01 06:28:19.303000,130.6,1.0,133.37,1.0,130.4,1.0,134.99,1.0,128.5,1.0,135.0,3.0,128.0,2.0,136.0,1.0,124.0,5.0,140.0,1.0,108.5,1.0,,,108.49,1.0,,,93.8,1.0,,,52.0,1.0,,,48.0,3.0,,
249,Germany_Baseload#19#0#10000106,2021-10-01 06:28:19.502000,130.6,1.0,133.36,1.0,130.4,1.0,134.99,1.0,128.5,1.0,135.0,3.0,128.0,2.0,136.0,1.0,124.0,5.0,140.0,1.0,108.5,1.0,,,108.49,1.0,,,93.8,1.0,,,52.0,1.0,,,48.0,3.0,,
250,Germany_Baseload#19#0#10000106,2021-10-01 06:28:19.702000,130.6,1.0,133.35,1.0,130.4,1.0,134.99,1.0,128.5,1.0,135.0,3.0,128.0,2.0,136.0,1.0,124.0,5.0,140.0,1.0,108.5,1.0,,,108.49,1.0,,,93.8,1.0,,,52.0,1.0,,,48.0,3.0,,
251,Germany_Baseload#19#0#10000106,2021-10-01 06:28:19.903000,130.6,1.0,133.34,1.0,130.4,1.0,134.99,1.0,128.5,1.0,135.0,3.0,128.0,2.0,136.0,1.0,124.0,5.0,140.0,1.0,108.5,1.0,,,108.49,1.0,,,93.8,1.0,,,52.0,1.0,,,48.0,3.0,,
252,Germany_Baseload#19#0#10000106,2021-10-01 06:28:20.102000,130.6,1.0,133.33,1.0,130.4,1.0,134.99,1.0,128.5,1.0,135.0,3.0,128.0,2.0,136.0,1.0,124.0,5.0,140.0,1.0,108.5,1.0,,,108.49,1.0,,,93.8,1.0,,,52.0,1.0,,,48.0,3.0,,
253,Germany_Baseload#19#0#10000106,2021-10-01 06:28:20.303000,130.6,1.0,133.32,1.0,130.4,1.0,134.99,1.0,128.5,1.0,135.0,3.0,128.0,2.0,136.0,1.0,124.0,5.0,140.0,1.0,108.5,1.0,,,108.49,1.0,,,93.8,1.0,,,52.0,1.0,,,48.0,3.0,,
254,Germany_Baseload#19#0#10000106,2021-10-01 06:28:20.502000,130.6,1.0,133.31,1.0,130.4,1.0,134.99,1.0,128.5,1.0,135.0,3.0,128.0,2.0,136.0,1.0,124.0,5.0,140.0,1.0,108.5,1.0,,,108.49,1.0,,,93.8,1.0,,,52.0,1.0,,,48.0,3.0,,
255,Germany_Baseload#19#0#10000106,2021-10-01 06:28:20.701000,130.6,1.0,133.3,1.0,130.4,1.0,133.31,1.0,128.5,1.0,134.99,1.0,128.0,2.0,135.0,3.0,124.0,5.0,136.0,1.0,108.5,1.0,140.0,1.0,108.49,1.0,,,93.8,1.0,,,52.0,1.0,,,48.0,3.0,,
256,Germany_Baseload#19#0#10000106,2021-10-01 06:28:20.702000,130.6,1.0,133.3,1.0,130.4,1.0,134.99,1.0,128.5,1.0,135.0,3.0,128.0,2.0,136.0,1.0,124.0,5.0,140.0,1.0,108.5,1.0,,,108.49,1.0,,,93.8,1.0,,,52.0,1.0,,,48.0,3.0,,
257,Germany_Baseload#19#0#10000106,2021-10-01 06:28:20.909000,130.6,1.0,133.29,1.0,130.4,1.0,134.99,1.0,128.5,1.0,135.0,3.0,128.0,2.0,136.0,1.0,124.0,5.0,140.0,1.0,108.5,1.0,,,108.49,1.0,,,93.8,1.0,,,52.0,1.0,,,48.0,3.0,,
258,Germany_Baseload#19#0#10000106,2021-10-01 06:28:21.103000,130.6,1.0,133.28,1.0,130.4,1.0,134.99,1.0,128.5,1.0,135.0,3.0,128.0,2.0,136.0,1.0,124.0,5.0,140.0,1.0,108.5,1.0,,,108.49,1.0,,,93.8,1.0,,,52.0,1.0,,,48.0,3.0,,
259,Germany_Baseload#19#0#10000106,2021-10-01 06:28:21.309000,130.6,1.0,133.27,1.0,130.4,1.0,133.28,1.0,128.5,1.0,134.99,1.0,128.0,2.0,135.0,3.0,124.0,5.0,136.0,1.0,108.5,1.0,140.0,1.0,108.49,1.0,,,93.8,1.0,,,52.0,1.0,,,48.0,3.0,,
260,Germany_Baseload#19#0#10000106,2021-10-01 06:28:21.310000,130.6,1.0,133.27,1.0,130.4,1.0,134.99,1.0,128.5,1.0,135.0,3.0,128.0,2.0,136.0,1.0,124.0,5.0,140.0,1.0,108.5,1.0,,,108.49,1.0,,,93.8,1.0,,,52.0,1.0,,,48.0,3.0,,
261,Germany_Baseload#19#0#10000106,2021-10-01 06:28:21.508000,130.6,1.0,133.26,1.0,130.4,1.0,134.99,1.0,128.5,1.0,135.0,3.0,128.0,2.0,136.0,1.0,124.0,5.0,140.0,1.0,108.5,1.0,,,108.49,1.0,,,93.8,1.0,,,52.0,1.0,,,48.0,3.0,,
262,Germany_Baseload#19#0#10000106,2021-10-01 06:28:21.715000,130.6,1.0,133.25,1.0,130.4,1.0,134.99,1.0,128.5,1.0,135.0,3.0,128.0,2.0,136.0,1.0,124.0,5.0,140.0,1.0,108.5,1.0,,,108.49,1.0,,,93.8,1.0,,,52.0,1.0,,,48.0,3.0,,
263,Germany_Baseload#19#0#10000106,2021-10-01 06:28:21.908000,130.6,1.0,133.24,1.0,130.4,1.0,134.99,1.0,128.5,1.0,135.0,3.0,128.0,2.0,136.0,1.0,124.0,5.0,140.0,1.0,108.5,1.0,,,108.49,1.0,,,93.8,1.0,,,52.0,1.0,,,48.0,3.0,,
264,Germany_Baseload#19#0#10000106,2021-10-01 06:28:21.991000,130.6,1.0,133.24,1.0,130.45,1.0,134.99,1.0,130.4,1.0,135.0,3.0,128.5,1.0,136.0,1.0,128.0,2.0,140.0,1.0,124.0,5.0,,,108.5,1.0,,,108.49,1.0,,,93.8,1.0,,,52.0,1.0,,
265,Germany_Baseload#19#0#10000106,2021-10-01 06:28:22.023000,130.6,1.0,133.24,1.0,130.5,1.0,134.99,1.0,130.45,1.0,135.0,3.0,130.4,1.0,136.0,1.0,128.5,1.0,140.0,1.0,128.0,2.0,,,124.0,5.0,,,108.5,1.0,,,108.49,1.0,,,93.8,1.0,,
266,Germany_Baseload#19#0#10000106,2021-10-01 06:28:22.112000,130.6,1.0,133.23,1.0,130.5,1.0,133.24,1.0,130.45,1.0,134.99,1.0,130.4,1.0,135.0,3.0,128.5,1.0,136.0,1.0,128.0,2.0,140.0,1.0,124.0,5.0,,,108.5,1.0,,,108.49,1.0,,,93.8,1.0,,
267,Germany_Baseload#19#0#10000106,2021-10-01 06:28:22.113000,130.6,1.0,133.23,1.0,130.5,1.0,134.99,1.0,130.45,1.0,135.0,3.0,130.4,1.0,136.0,1.0,128.5,1.0,140.0,1.0,128.0,2.0,,,124.0,5.0,,,108.5,1.0,,,108.49,1.0,,,93.8,1.0,,
268,Germany_Baseload#19#0#10000106,2021-10-01 06:28:22.306000,130.6,1.0,133.22,1.0,130.5,1.0,134.99,1.0,130.45,1.0,135.0,3.0,130.4,1.0,136.0,1.0,128.5,1.0,140.0,1.0,128.0,2.0,,,124.0,5.0,,,108.5,1.0,,,108.49,1.0,,,93.8,1.0,,
269,Germany_Baseload#19#0#10000106,2021-10-01 06:28:22.512000,130.6,1.0,133.21,1.0,130.5,1.0,133.22,1.0,130.45,1.0,134.99,1.0,130.4,1.0,135.0,3.0,128.5,1.0,136.0,1.0,128.0,2.0,140.0,1.0,124.0,5.0,,,108.5,1.0,,,108.49,1.0,,,93.8,1.0,,
270,Germany_Baseload#19#0#10000106,2021-10-01 06:28:22.513000,130.6,1.0,133.21,1.0,130.5,1.0,134.99,1.0,130.45,1.0,135.0,3.0,130.4,1.0,136.0,1.0,128.5,1.0,140.0,1.0,128.0,2.0,,,124.0,5.0,,,108.5,1.0,,,108.49,1.0,,,93.8,1.0,,
271,Germany_Baseload#19#0#10000106,2021-10-01 06:28:22.719000,130.6,1.0,133.2,1.0,130.5,1.0,134.99,1.0,130.45,1.0,135.0,3.0,130.4,1.0,136.0,1.0,128.5,1.0,140.0,1.0,128.0,2.0,,,124.0,5.0,,,108.5,1.0,,,108.49,1.0,,,93.8,1.0,,
272,Germany_Baseload#19#0#10000106,2021-10-01 06:28:22.907000,130.6,1.0,133.19,1.0,130.5,1.0,133.2,1.0,130.45,1.0,134.99,1.0,130.4,1.0,135.0,3.0,128.5,1.0,136.0,1.0,128.0,2.0,140.0,1.0,124.0,5.0,,,108.5,1.0,,,108.49,1.0,,,93.8,1.0,,
273,Germany_Baseload#19#0#10000106,2021-10-01 06:28:22.908000,130.6,1.0,133.19,1.0,130.5,1.0,134.99,1.0,130.45,1.0,135.0,3.0,130.4,1.0,136.0,1.0,128.5,1.0,140.0,1.0,128.0,2.0,,,124.0,5.0,,,108.5,1.0,,,108.49,1.0,,,93.8,1.0,,
274,Germany_Baseload#19#0#10000106,2021-10-01 06:28:23.113000,130.6,1.0,133.18,1.0,130.5,1.0,134.99,1.0,130.45,1.0,135.0,3.0,130.4,1.0,136.0,1.0,128.5,1.0,140.0,1.0,128.0,2.0,,,124.0,5.0,,,108.5,1.0,,,108.49,1.0,,,93.8,1.0,,
275,Germany_Baseload#19#0#10000106,2021-10-01 06:28:23.305000,130.6,1.0,133.17,1.0,130.5,1.0,133.18,1.0,130.45,1.0,134.99,1.0,130.4,1.0,135.0,3.0,128.5,1.0,136.0,1.0,128.0,2.0,140.0,1.0,124.0,5.0,,,108.5,1.0,,,108.49,1.0,,,93.8,1.0,,
276,Germany_Baseload#19#0#10000106,2021-10-01 06:28:23.306000,130.6,1.0,133.17,1.0,130.5,1.0,134.99,1.0,130.45,1.0,135.0,3.0,130.4,1.0,136.0,1.0,128.5,1.0,140.0,1.0,128.0,2.0,,,124.0,5.0,,,108.5,1.0,,,108.49,1.0,,,93.8,1.0,,
277,Germany_Baseload#19#0#10000106,2021-10-01 06:28:23.513000,130.6,1.0,133.16,1.0,130.5,1.0,134.99,1.0,130.45,1.0,135.0,3.0,130.4,1.0,136.0,1.0,128.5,1.0,140.0,1.0,128.0,2.0,,,124.0,5.0,,,108.5,1.0,,,108.49,1.0,,,93.8,1.0,,
278,Germany_Baseload#19#0#10000106,2021-10-01 06:28:23.710000,130.6,1.0,133.15,1.0,130.5,1.0,134.99,1.0,130.45,1.0,135.0,3.0,130.4,1.0,136.0,1.0,128.5,1.0,140.0,1.0,128.0,2.0,,,124.0,5.0,,,108.5,1.0,,,108.49,1.0,,,93.8,1.0,,
279,Germany_Baseload#19#0#10000106,2021-10-01 06:28:23.910000,130.6,1.0,133.14,1.0,130.5,1.0,134.99,1.0,130.45,1.0,135.0,3.0,130.4,1.0,136.0,1.0,128.5,1.0,140.0,1.0,128.0,2.0,,,124.0,5.0,,,108.5,1.0,,,108.49,1.0,,,93.8,1.0,,
280,Germany_Baseload#19#0#10000106,2021-10-01 06:28:24.113000,130.6,1.0,133.13,1.0,130.5,1.0,133.14,1.0,130.45,1.0,134.99,1.0,130.4,1.0,135.0,3.0,128.5,1.0,136.0,1.0,128.0,2.0,140.0,1.0,124.0,5.0,,,108.5,1.0,,,108.49,1.0,,,93.8,1.0,,
281,Germany_Baseload#19#0#10000106,2021-10-01 06:28:24.114000,130.6,1.0,133.13,1.0,130.5,1.0,134.99,1.0,130.45,1.0,135.0,3.0,130.4,1.0,136.0,1.0,128.5,1.0,140.0,1.0,128.0,2.0,,,124.0,5.0,,,108.5,1.0,,,108.49,1.0,,,93.8,1.0,,
282,Germany_Baseload#19#0#10000106,2021-10-01 06:28:24.314000,130.6,1.0,133.12,1.0,130.5,1.0,134.99,1.0,130.45,1.0,135.0,3.0,130.4,1.0,136.0,1.0,128.5,1.0,140.0,1.0,128.0,2.0,,,124.0,5.0,,,108.5,1.0,,,108.49,1.0,,,93.8,1.0,,
283,Germany_Baseload#19#0#10000106,2021-10-01 06:28:24.512000,130.6,1.0,133.11,1.0,130.5,1.0,134.99,1.0,130.45,1.0,135.0,3.0,130.4,1.0,136.0,1.0,128.5,1.0,140.0,1.0,128.0,2.0,,,124.0,5.0,,,108.5,1.0,,,108.49,1.0,,,93.8,1.0,,
284,Germany_Baseload#19#0#10000106,2021-10-01 06:28:24.712000,130.6,1.0,133.1,1.0,130.5,1.0,134.99,1.0,130.45,1.0,135.0,3.0,130.4,1.0,136.0,1.0,128.5,1.0,140.0,1.0,128.0,2.0,,,124.0,5.0,,,108.5,1.0,,,108.49,1.0,,,93.8,1.0,,
285,Germany_Baseload#19#0#10000106,2021-10-01 06:28:24.906000,130.6,1.0,133.09,1.0,130.5,1.0,134.99,1.0,130.45,1.0,135.0,3.0,130.4,1.0,136.0,1.0,128.5,1.0,140.0,1.0,128.0,2.0,,,124.0,5.0,,,108.5,1.0,,,108.49,1.0,,,93.8,1.0,,
286,Germany_Baseload#19#0#10000106,2021-10-01 06:28:25.108000,130.6,1.0,133.08,1.0,130.5,1.0,133.09,1.0,130.45,1.0,134.99,1.0,130.4,1.0,135.0,3.0,128.5,1.0,136.0,1.0,128.0,2.0,140.0,1.0,124.0,5.0,,,108.5,1.0,,,108.49,1.0,,,93.8,1.0,,
287,Germany_Baseload#19#0#10000106,2021-10-01 06:28:25.109000,130.6,1.0,133.08,1.0,130.5,1.0,134.99,1.0,130.45,1.0,135.0,3.0,130.4,1.0,136.0,1.0,128.5,1.0,140.0,1.0,128.0,2.0,,,124.0,5.0,,,108.5,1.0,,,108.49,1.0,,,93.8,1.0,,
288,Germany_Baseload#19#0#10000106,2021-10-01 06:28:25.313000,130.6,1.0,133.07,1.0,130.5,1.0,134.99,1.0,130.45,1.0,135.0,3.0,130.4,1.0,136.0,1.0,128.5,1.0,140.0,1.0,128.0,2.0,,,124.0,5.0,,,108.5,1.0,,,108.49,1.0,,,93.8,1.0,,
289,Germany_Baseload#19#0#10000106,2021-10-01 06:28:25.511000,130.6,1.0,133.06,1.0,130.5,1.0,133.07,1.0,130.45,1.0,134.99,1.0,130.4,1.0,135.0,3.0,128.5,1.0,136.0,1.0,128.0,2.0,140.0,1.0,124.0,5.0,,,108.5,1.0,,,108.49,1.0,,,93.8,1.0,,
290,Germany_Baseload#19#0#10000106,2021-10-01 06:28:25.512000,130.6,1.0,133.06,1.0,130.5,1.0,134.99,1.0,130.45,1.0,135.0,3.0,130.4,1.0,136.0,1.0,128.5,1.0,140.0,1.0,128.0,2.0,,,124.0,5.0,,,108.5,1.0,,,108.49,1.0,,,93.8,1.0,,
291,Germany_Baseload#19#0#10000106,2021-10-01 06:28:25.713000,130.6,1.0,133.05,1.0,130.5,1.0,133.06,1.0,130.45,1.0,134.99,1.0,130.4,1.0,135.0,3.0,128.5,1.0,136.0,1.0,128.0,2.0,140.0,1.0,124.0,5.0,,,108.5,1.0,,,108.49,1.0,,,93.8,1.0,,
292,Germany_Baseload#19#0#10000106,2021-10-01 06:28:25.714000,130.6,1.0,133.05,1.0,130.5,1.0,134.99,1.0,130.45,1.0,135.0,3.0,130.4,1.0,136.0,1.0,128.5,1.0,140.0,1.0,128.0,2.0,,,124.0,5.0,,,108.5,1.0,,,108.49,1.0,,,93.8,1.0,,
293,Germany_Baseload#19#0#10000106,2021-10-01 06:28:25.912000,130.6,1.0,133.04,1.0,130.5,1.0,134.99,1.0,130.45,1.0,135.0,3.0,130.4,1.0,136.0,1.0,128.5,1.0,140.0,1.0,128.0,2.0,,,124.0,5.0,,,108.5,1.0,,,108.49,1.0,,,93.8,1.0,,
294,Germany_Baseload#19#0#10000106,2021-10-01 06:28:26.109000,130.6,1.0,133.03,1.0,130.5,1.0,134.99,1.0,130.45,1.0,135.0,3.0,130.4,1.0,136.0,1.0,128.5,1.0,140.0,1.0,128.0,2.0,,,124.0,5.0,,,108.5,1.0,,,108.49,1.0,,,93.8,1.0,,
295,Germany_Baseload#19#0#10000106,2021-10-01 06:28:26.310000,130.6,1.0,133.02,1.0,130.5,1.0,134.99,1.0,130.45,1.0,135.0,3.0,130.4,1.0,136.0,1.0,128.5,1.0,140.0,1.0,128.0,2.0,,,124.0,5.0,,,108.5,1.0,,,108.49,1.0,,,93.8,1.0,,
296,Germany_Baseload#19#0#10000106,2021-10-01 06:28:26.514000,130.6,1.0,133.01,1.0,130.5,1.0,134.99,1.0,130.45,1.0,135.0,3.0,130.4,1.0,136.0,1.0,128.5,1.0,140.0,1.0,128.0,2.0,,,124.0,5.0,,,108.5,1.0,,,108.49,1.0,,,93.8,1.0,,
297,Germany_Baseload#19#0#10000106,2021-10-01 06:28:26.709000,130.6,1.0,133.0,1.0,130.5,1.0,133.01,1.0,130.45,1.0,134.99,1.0,130.4,1.0,135.0,3.0,128.5,1.0,136.0,1.0,128.0,2.0,140.0,1.0,124.0,5.0,,,108.5,1.0,,,108.49,1.0,,,93.8,1.0,,
298,Germany_Baseload#19#0#10000106,2021-10-01 06:28:26.710000,130.6,1.0,133.0,1.0,130.5,1.0,134.99,1.0,130.45,1.0,135.0,3.0,130.4,1.0,136.0,1.0,128.5,1.0,140.0,1.0,128.0,2.0,,,124.0,5.0,,,108.5,1.0,,,108.49,1.0,,,93.8,1.0,,
299,Germany_Baseload#19#0#10000106,2021-10-01 06:28:26.910000,130.6,1.0,132.99,1.0,130.5,1.0,134.99,1.0,130.45,1.0,135.0,3.0,130.4,1.0,136.0,1.0,128.5,1.0,140.0,1.0,128.0,2.0,,,124.0,5.0,,,108.5,1.0,,,108.49,1.0,,,93.8,1.0,,
300,Germany_Baseload#19#0#10000106,2021-10-01 06:28:27.112000,130.6,1.0,132.98,1.0,130.5,1.0,134.99,1.0,130.45,1.0,135.0,3.0,130.4,1.0,136.0,1.0,128.5,1.0,140.0,1.0,128.0,2.0,,,124.0,5.0,,,108.5,1.0,,,108.49,1.0,,,93.8,1.0,,
301,Germany_Baseload#19#0#10000106,2021-10-01 06:28:27.311000,130.6,1.0,132.97,1.0,130.5,1.0,134.99,1.0,130.45,1.0,135.0,3.0,130.4,1.0,136.0,1.0,128.5,1.0,140.0,1.0,128.0,2.0,,,124.0,5.0,,,108.5,1.0,,,108.49,1.0,,,93.8,1.0,,
302,Germany_Baseload#19#0#10000106,2021-10-01 06:28:27.508000,130.6,1.0,132.96,1.0,130.5,1.0,132.97,1.0,130.45,1.0,134.99,1.0,130.4,1.0,135.0,3.0,128.5,1.0,136.0,1.0,128.0,2.0,140.0,1.0,124.0,5.0,,,108.5,1.0,,,108.49,1.0,,,93.8,1.0,,
303,Germany_Baseload#19#0#10000106,2021-10-01 06:28:27.509000,130.6,1.0,132.96,1.0,130.5,1.0,134.99,1.0,130.45,1.0,135.0,3.0,130.4,1.0,136.0,1.0,128.5,1.0,140.0,1.0,128.0,2.0,,,124.0,5.0,,,108.5,1.0,,,108.49,1.0,,,93.8,1.0,,
304,Germany_Baseload#19#0#10000106,2021-10-01 06:28:27.711000,130.6,1.0,132.95,1.0,130.5,1.0,134.99,1.0,130.45,1.0,135.0,3.0,130.4,1.0,136.0,1.0,128.5,1.0,140.0,1.0,128.0,2.0,,,124.0,5.0,,,108.5,1.0,,,108.49,1.0,,,93.8,1.0,,
305,Germany_Baseload#19#0#10000106,2021-10-01 06:28:27.913000,130.6,1.0,132.94,1.0,130.5,1.0,134.99,1.0,130.45,1.0,135.0,3.0,130.4,1.0,136.0,1.0,128.5,1.0,140.0,1.0,128.0,2.0,,,124.0,5.0,,,108.5,1.0,,,108.49,1.0,,,93.8,1.0,,
306,Germany_Baseload#19#0#10000106,2021-10-01 06:28:28.112000,130.6,1.0,132.93,1.0,130.5,1.0,134.99,1.0,130.45,1.0,135.0,3.0,130.4,1.0,136.0,1.0,128.5,1.0,140.0,1.0,128.0,2.0,,,124.0,5.0,,,108.5,1.0,,,108.49,1.0,,,93.8,1.0,,
307,Germany_Baseload#19#0#10000106,2021-10-01 06:28:28.312000,130.6,1.0,132.92,1.0,130.5,1.0,134.99,1.0,130.45,1.0,135.0,3.0,130.4,1.0,136.0,1.0,128.5,1.0,140.0,1.0,128.0,2.0,,,124.0,5.0,,,108.5,1.0,,,108.49,1.0,,,93.8,1.0,,
308,Germany_Baseload#19#0#10000106,2021-10-01 06:28:28.513000,130.6,1.0,132.91,1.0,130.5,1.0,134.99,1.0,130.45,1.0,135.0,3.0,130.4,1.0,136.0,1.0,128.5,1.0,140.0,1.0,128.0,2.0,,,124.0,5.0,,,108.5,1.0,,,108.49,1.0,,,93.8,1.0,,
309,Germany_Baseload#19#0#10000106,2021-10-01 06:28:28.711000,130.6,1.0,132.9,1.0,130.5,1.0,132.91,1.0,130.45,1.0,134.99,1.0,130.4,1.0,135.0,3.0,128.5,1.0,136.0,1.0,128.0,2.0,140.0,1.0,124.0,5.0,,,108.5,1.0,,,108.49,1.0,,,93.8,1.0,,
310,Germany_Baseload#19#0#10000106,2021-10-01 06:28:28.712000,130.6,1.0,132.9,1.0,130.5,1.0,134.99,1.0,130.45,1.0,135.0,3.0,130.4,1.0,136.0,1.0,128.5,1.0,140.0,1.0,128.0,2.0,,,124.0,5.0,,,108.5,1.0,,,108.49,1.0,,,93.8,1.0,,
311,Germany_Baseload#19#0#10000106,2021-10-01 06:28:28.912000,130.6,1.0,132.89,1.0,130.5,1.0,134.99,1.0,130.45,1.0,135.0,3.0,130.4,1.0,136.0,1.0,128.5,1.0,140.0,1.0,128.0,2.0,,,124.0,5.0,,,108.5,1.0,,,108.49,1.0,,,93.8,1.0,,
312,Germany_Baseload#19#0#10000106,2021-10-01 06:28:29.109000,130.6,1.0,132.88,1.0,130.5,1.0,134.99,1.0,130.45,1.0,135.0,3.0,130.4,1.0,136.0,1.0,128.5,1.0,140.0,1.0,128.0,2.0,,,124.0,5.0,,,108.5,1.0,,,108.49,1.0,,,93.8,1.0,,
313,Germany_Baseload#19#0#10000106,2021-10-01 06:28:29.317000,130.6,1.0,132.87,1.0,130.5,1.0,134.99,1.0,130.45,1.0,135.0,3.0,130.4,1.0,136.0,1.0,128.5,1.0,140.0,1.0,128.0,2.0,,,124.0,5.0,,,108.5,1.0,,,108.49,1.0,,,93.8,1.0,,
314,Germany_Baseload#19#0#10000106,2021-10-01 06:28:29.511000,130.6,1.0,132.86,1.0,130.5,1.0,132.87,1.0,130.45,1.0,134.99,1.0,130.4,1.0,135.0,3.0,128.5,1.0,136.0,1.0,128.0,2.0,140.0,1.0,124.0,5.0,,,108.5,1.0,,,108.49,1.0,,,93.8,1.0,,
315,Germany_Baseload#19#0#10000106,2021-10-01 06:28:29.512000,130.6,1.0,132.86,1.0,130.5,1.0,134.99,1.0,130.45,1.0,135.0,3.0,130.4,1.0,136.0,1.0,128.5,1.0,140.0,1.0,128.0,2.0,,,124.0,5.0,,,108.5,1.0,,,108.49,1.0,,,93.8,1.0,,
316,Germany_Baseload#19#0#10000106,2021-10-01 06:28:29.720000,130.6,1.0,132.85,1.0,130.5,1.0,132.86,1.0,130.45,1.0,134.99,1.0,130.4,1.0,135.0,3.0,128.5,1.0,136.0,1.0,128.0,2.0,140.0,1.0,124.0,5.0,,,108.5,1.0,,,108.49,1.0,,,93.8,1.0,,
317,Germany_Baseload#19#0#10000106,2021-10-01 06:28:29.721000,130.6,1.0,132.85,1.0,130.5,1.0,134.99,1.0,130.45,1.0,135.0,3.0,130.4,1.0,136.0,1.0,128.5,1.0,140.0,1.0,128.0,2.0,,,124.0,5.0,,,108.5,1.0,,,108.49,1.0,,,93.8,1.0,,
318,Germany_Baseload#19#0#10000106,2021-10-01 06:28:29.907000,130.6,1.0,132.84,1.0,130.5,1.0,134.99,1.0,130.45,1.0,135.0,3.0,130.4,1.0,136.0,1.0,128.5,1.0,140.0,1.0,128.0,2.0,,,124.0,5.0,,,108.5,1.0,,,108.49,1.0,,,93.8,1.0,,
319,Germany_Baseload#19#0#10000106,2021-10-01 06:28:30.108000,130.6,1.0,132.83,1.0,130.5,1.0,134.99,1.0,130.45,1.0,135.0,3.0,130.4,1.0,136.0,1.0,128.5,1.0,140.0,1.0,128.0,2.0,,,124.0,5.0,,,108.5,1.0,,,108.49,1.0,,,93.8,1.0,,
320,Germany_Baseload#19#0#10000106,2021-10-01 06:28:30.310000,130.6,1.0,132.82,1.0,130.5,1.0,132.83,1.0,130.45,1.0,134.99,1.0,130.4,1.0,135.0,3.0,128.5,1.0,136.0,1.0,128.0,2.0,140.0,1.0,124.0,5.0,,,108.5,1.0,,,108.49,1.0,,,93.8,1.0,,
321,Germany_Baseload#19#0#10000106,2021-10-01 06:28:30.311000,130.6,1.0,132.82,1.0,130.5,1.0,134.99,1.0,130.45,1.0,135.0,3.0,130.4,1.0,136.0,1.0,128.5,1.0,140.0,1.0,128.0,2.0,,,124.0,5.0,,,108.5,1.0,,,108.49,1.0,,,93.8,1.0,,
322,Germany_Baseload#19#0#10000106,2021-10-01 06:28:30.508000,130.6,1.0,132.81,1.0,130.5,1.0,134.99,1.0,130.45,1.0,135.0,3.0,130.4,1.0,136.0,1.0,128.5,1.0,140.0,1.0,128.0,2.0,,,124.0,5.0,,,108.5,1.0,,,108.49,1.0,,,93.8,1.0,,
323,Germany_Baseload#19#0#10000106,2021-10-01 06:28:30.717000,130.6,1.0,132.8,1.0,130.5,1.0,134.99,1.0,130.45,1.0,135.0,3.0,130.4,1.0,136.0,1.0,128.5,1.0,140.0,1.0,128.0,2.0,,,124.0,5.0,,,108.5,1.0,,,108.49,1.0,,,93.8,1.0,,
324,Germany_Baseload#19#0#10000106,2021-10-01 06:28:30.907000,130.6,1.0,132.79,1.0,130.5,1.0,132.8,1.0,130.45,1.0,134.99,1.0,130.4,1.0,135.0,3.0,128.5,1.0,136.0,1.0,128.0,2.0,140.0,1.0,124.0,5.0,,,108.5,1.0,,,108.49,1.0,,,93.8,1.0,,
325,Germany_Baseload#19#0#10000106,2021-10-01 06:28:30.908000,130.6,1.0,132.79,1.0,130.5,1.0,134.99,1.0,130.45,1.0,135.0,3.0,130.4,1.0,136.0,1.0,128.5,1.0,140.0,1.0,128.0,2.0,,,124.0,5.0,,,108.5,1.0,,,108.49,1.0,,,93.8,1.0,,
326,Germany_Baseload#19#0#10000106,2021-10-01 06:28:31.112000,130.6,1.0,132.78,1.0,130.5,1.0,134.99,1.0,130.45,1.0,135.0,3.0,130.4,1.0,136.0,1.0,128.5,1.0,140.0,1.0,128.0,2.0,,,124.0,5.0,,,108.5,1.0,,,108.49,1.0,,,93.8,1.0,,
327,Germany_Baseload#19#0#10000106,2021-10-01 06:28:31.314000,130.6,1.0,132.77,1.0,130.5,1.0,134.99,1.0,130.45,1.0,135.0,3.0,130.4,1.0,136.0,1.0,128.5,1.0,140.0,1.0,128.0,2.0,,,124.0,5.0,,,108.5,1.0,,,108.49,1.0,,,93.8,1.0,,
328,Germany_Baseload#19#0#10000106,2021-10-01 06:28:31.511000,130.6,1.0,132.76,1.0,130.5,1.0,134.99,1.0,130.45,1.0,135.0,3.0,130.4,1.0,136.0,1.0,128.5,1.0,140.0,1.0,128.0,2.0,,,124.0,5.0,,,108.5,1.0,,,108.49,1.0,,,93.8,1.0,,
329,Germany_Baseload#19#0#10000106,2021-10-01 06:28:31.710000,130.6,1.0,132.75,1.0,130.5,1.0,134.99,1.0,130.45,1.0,135.0,3.0,130.4,1.0,136.0,1.0,128.5,1.0,140.0,1.0,128.0,2.0,,,124.0,5.0,,,108.5,1.0,,,108.49,1.0,,,93.8,1.0,,
330,Germany_Baseload#19#0#10000106,2021-10-01 06:28:31.905000,130.6,1.0,132.74,1.0,130.5,1.0,134.99,1.0,130.45,1.0,135.0,3.0,130.4,1.0,136.0,1.0,128.5,1.0,140.0,1.0,128.0,2.0,,,124.0,5.0,,,108.5,1.0,,,108.49,1.0,,,93.8,1.0,,
331,Germany_Baseload#19#0#10000106,2021-10-01 06:28:32.113000,130.6,1.0,132.73,1.0,130.5,1.0,134.99,1.0,130.45,1.0,135.0,3.0,130.4,1.0,136.0,1.0,128.5,1.0,140.0,1.0,128.0,2.0,,,124.0,5.0,,,108.5,1.0,,,108.49,1.0,,,93.8,1.0,,
332,Germany_Baseload#19#0#10000106,2021-10-01 06:28:32.311000,130.6,1.0,132.72,1.0,130.5,1.0,132.73,1.0,130.45,1.0,134.99,1.0,130.4,1.0,135.0,3.0,128.5,1.0,136.0,1.0,128.0,2.0,140.0,1.0,124.0,5.0,,,108.5,1.0,,,108.49,1.0,,,93.8,1.0,,
333,Germany_Baseload#19#0#10000106,2021-10-01 06:28:32.312000,130.6,1.0,132.72,1.0,130.5,1.0,134.99,1.0,130.45,1.0,135.0,3.0,130.4,1.0,136.0,1.0,128.5,1.0,140.0,1.0,128.0,2.0,,,124.0,5.0,,,108.5,1.0,,,108.49,1.0,,,93.8,1.0,,
334,Germany_Baseload#19#0#10000106,2021-10-01 06:28:32.512000,130.6,1.0,132.71,1.0,130.5,1.0,132.72,1.0,130.45,1.0,134.99,1.0,130.4,1.0,135.0,3.0,128.5,1.0,136.0,1.0,128.0,2.0,140.0,1.0,124.0,5.0,,,108.5,1.0,,,108.49,1.0,,,93.8,1.0,,
335,Germany_Baseload#19#0#10000106,2021-10-01 06:28:32.513000,130.6,1.0,132.71,1.0,130.5,1.0,134.99,1.0,130.45,1.0,135.0,3.0,130.4,1.0,136.0,1.0,128.5,1.0,140.0,1.0,128.0,2.0,,,124.0,5.0,,,108.5,1.0,,,108.49,1.0,,,93.8,1.0,,
336,Germany_Baseload#19#0#10000106,2021-10-01 06:28:32.712000,130.6,1.0,132.7,1.0,130.5,1.0,134.99,1.0,130.45,1.0,135.0,3.0,130.4,1.0,136.0,1.0,128.5,1.0,140.0,1.0,128.0,2.0,,,124.0,5.0,,,108.5,1.0,,,108.49,1.0,,,93.8,1.0,,
337,Germany_Baseload#19#0#10000106,2021-10-01 06:28:32.912000,130.6,1.0,132.69,1.0,130.5,1.0,134.99,1.0,130.45,1.0,135.0,3.0,130.4,1.0,136.0,1.0,128.5,1.0,140.0,1.0,128.0,2.0,,,124.0,5.0,,,108.5,1.0,,,108.49,1.0,,,93.8,1.0,,
338,Germany_Baseload#19#0#10000106,2021-10-01 06:28:33.109000,130.6,1.0,132.68,1.0,130.5,1.0,134.99,1.0,130.45,1.0,135.0,3.0,130.4,1.0,136.0,1.0,128.5,1.0,140.0,1.0,128.0,2.0,,,124.0,5.0,,,108.5,1.0,,,108.49,1.0,,,93.8,1.0,,
339,Germany_Baseload#19#0#10000106,2021-10-01 06:28:33.318000,130.6,1.0,132.67,1.0,130.5,1.0,134.99,1.0,130.45,1.0,135.0,3.0,130.4,1.0,136.0,1.0,128.5,1.0,140.0,1.0,128.0,2.0,,,124.0,5.0,,,108.5,1.0,,,108.49,1.0,,,93.8,1.0,,
340,Germany_Baseload#19#0#10000106,2021-10-01 06:28:33.511000,130.6,1.0,132.66,1.0,130.5,1.0,134.99,1.0,130.45,1.0,135.0,3.0,130.4,1.0,136.0,1.0,128.5,1.0,140.0,1.0,128.0,2.0,,,124.0,5.0,,,108.5,1.0,,,108.49,1.0,,,93.8,1.0,,
341,Germany_Baseload#19#0#10000106,2021-10-01 06:28:33.710000,130.6,1.0,132.65,1.0,130.5,1.0,132.66,1.0,130.45,1.0,134.99,1.0,130.4,1.0,135.0,3.0,128.5,1.0,136.0,1.0,128.0,2.0,140.0,1.0,124.0,5.0,,,108.5,1.0,,,108.49,1.0,,,93.8,1.0,,
342,Germany_Baseload#19#0#10000106,2021-10-01 06:28:33.711000,130.6,1.0,132.65,1.0,130.5,1.0,134.99,1.0,130.45,1.0,135.0,3.0,130.4,1.0,136.0,1.0,128.5,1.0,140.0,1.0,128.0,2.0,,,124.0,5.0,,,108.5,1.0,,,108.49,1.0,,,93.8,1.0,,
343,Germany_Baseload#19#0#10000106,2021-10-01 06:28:33.912000,130.6,1.0,132.64,1.0,130.5,1.0,134.99,1.0,130.45,1.0,135.0,3.0,130.4,1.0,136.0,1.0,128.5,1.0,140.0,1.0,128.0,2.0,,,124.0,5.0,,,108.5,1.0,,,108.49,1.0,,,93.8,1.0,,
344,Germany_Baseload#19#0#10000106,2021-10-01 06:28:34.108000,130.6,1.0,132.63,1.0,130.5,1.0,132.64,1.0,130.45,1.0,134.99,1.0,130.4,1.0,135.0,3.0,128.5,1.0,136.0,1.0,128.0,2.0,140.0,1.0,124.0,5.0,,,108.5,1.0,,,108.49,1.0,,,93.8,1.0,,
345,Germany_Baseload#19#0#10000106,2021-10-01 06:28:34.109000,130.6,1.0,132.63,1.0,130.5,1.0,134.99,1.0,130.45,1.0,135.0,3.0,130.4,1.0,136.0,1.0,128.5,1.0,140.0,1.0,128.0,2.0,,,124.0,5.0,,,108.5,1.0,,,108.49,1.0,,,93.8,1.0,,
346,Germany_Baseload#19#0#10000106,2021-10-01 06:28:34.312000,130.6,1.0,132.62,1.0,130.5,1.0,132.63,1.0,130.45,1.0,134.99,1.0,130.4,1.0,135.0,3.0,128.5,1.0,136.0,1.0,128.0,2.0,140.0,1.0,124.0,5.0,,,108.5,1.0,,,108.49,1.0,,,93.8,1.0,,
347,Germany_Baseload#19#0#10000106,2021-10-01 06:28:34.313000,130.6,1.0,132.62,1.0,130.5,1.0,134.99,1.0,130.45,1.0,135.0,3.0,130.4,1.0,136.0,1.0,128.5,1.0,140.0,1.0,128.0,2.0,,,124.0,5.0,,,108.5,1.0,,,108.49,1.0,,,93.8,1.0,,
348,Germany_Baseload#19#0#10000106,2021-10-01 06:28:34.511000,130.6,1.0,132.61,1.0,130.5,1.0,132.62,1.0,130.45,1.0,134.99,1.0,130.4,1.0,135.0,3.0,128.5,1.0,136.0,1.0,128.0,2.0,140.0,1.0,124.0,5.0,,,108.5,1.0,,,108.49,1.0,,,93.8,1.0,,
349,Germany_Baseload#19#0#10000106,2021-10-01 06:28:34.512000,130.6,1.0,132.61,1.0,130.5,1.0,134.99,1.0,130.45,1.0,135.0,3.0,130.4,1.0,136.0,1.0,128.5,1.0,140.0,1.0,128.0,2.0,,,124.0,5.0,,,108.5,1.0,,,108.49,1.0,,,93.8,1.0,,
350,Germany_Baseload#19#0#10000106,2021-10-01 06:28:34.714000,130.6,1.0,132.6,1.0,130.5,1.0,134.99,1.0,130.45,1.0,135.0,3.0,130.4,1.0,136.0,1.0,128.5,1.0,140.0,1.0,128.0,2.0,,,124.0,5.0,,,108.5,1.0,,,108.49,1.0,,,93.8,1.0,,
351,Germany_Baseload#19#0#10000106,2021-10-01 06:28:34.915000,130.6,1.0,132.59,1.0,130.5,1.0,134.99,1.0,130.45,1.0,135.0,3.0,130.4,1.0,136.0,1.0,128.5,1.0,140.0,1.0,128.0,2.0,,,124.0,5.0,,,108.5,1.0,,,108.49,1.0,,,93.8,1.0,,
352,Germany_Baseload#19#0#10000106,2021-10-01 06:28:35.111000,130.6,1.0,132.58,1.0,130.5,1.0,134.99,1.0,130.45,1.0,135.0,3.0,130.4,1.0,136.0,1.0,128.5,1.0,140.0,1.0,128.0,2.0,,,124.0,5.0,,,108.5,1.0,,,108.49,1.0,,,93.8,1.0,,
353,Germany_Baseload#19#0#10000106,2021-10-01 06:28:35.313000,130.6,1.0,132.57,1.0,130.5,1.0,134.99,1.0,130.45,1.0,135.0,3.0,130.4,1.0,136.0,1.0,128.5,1.0,140.0,1.0,128.0,2.0,,,124.0,5.0,,,108.5,1.0,,,108.49,1.0,,,93.8,1.0,,
354,Germany_Baseload#19#0#10000106,2021-10-01 06:28:35.515000,130.6,1.0,132.56,1.0,130.5,1.0,134.99,1.0,130.45,1.0,135.0,3.0,130.4,1.0,136.0,1.0,128.5,1.0,140.0,1.0,128.0,2.0,,,124.0,5.0,,,108.5,1.0,,,108.49,1.0,,,93.8,1.0,,
355,Germany_Baseload#19#0#10000106,2021-10-01 06:28:35.712000,130.6,1.0,132.55,1.0,130.5,1.0,134.99,1.0,130.45,1.0,135.0,3.0,130.4,1.0,136.0,1.0,128.5,1.0,140.0,1.0,128.0,2.0,,,124.0,5.0,,,108.5,1.0,,,108.49,1.0,,,93.8,1.0,,
356,Germany_Baseload#19#0#10000106,2021-10-01 06:28:35.912000,130.6,1.0,132.54,1.0,130.5,1.0,134.99,1.0,130.45,1.0,135.0,3.0,130.4,1.0,136.0,1.0,128.5,1.0,140.0,1.0,128.0,2.0,,,124.0,5.0,,,108.5,1.0,,,108.49,1.0,,,93.8,1.0,,
357,Germany_Baseload#19#0#10000106,2021-10-01 06:28:36.112000,130.6,1.0,132.53,1.0,130.5,1.0,132.54,1.0,130.45,1.0,134.99,1.0,130.4,1.0,135.0,3.0,128.5,1.0,136.0,1.0,128.0,2.0,140.0,1.0,124.0,5.0,,,108.5,1.0,,,108.49,1.0,,,93.8,1.0,,
358,Germany_Baseload#19#0#10000106,2021-10-01 06:28:36.113000,130.6,1.0,132.53,1.0,130.5,1.0,134.99,1.0,130.45,1.0,135.0,3.0,130.4,1.0,136.0,1.0,128.5,1.0,140.0,1.0,128.0,2.0,,,124.0,5.0,,,108.5,1.0,,,108.49,1.0,,,93.8,1.0,,
359,Germany_Baseload#19#0#10000106,2021-10-01 06:28:36.306000,130.6,1.0,132.52,1.0,130.5,1.0,134.99,1.0,130.45,1.0,135.0,3.0,130.4,1.0,136.0,1.0,128.5,1.0,140.0,1.0,128.0,2.0,,,124.0,5.0,,,108.5,1.0,,,108.49,1.0,,,93.8,1.0,,
360,Germany_Baseload#19#0#10000106,2021-10-01 06:28:36.507000,130.6,1.0,132.51,1.0,130.5,1.0,134.99,1.0,130.45,1.0,135.0,3.0,130.4,1.0,136.0,1.0,128.5,1.0,140.0,1.0,128.0,2.0,,,124.0,5.0,,,108.5,1.0,,,108.49,1.0,,,93.8,1.0,,
361,Germany_Baseload#19#0#10000106,2021-10-01 06:28:36.712000,130.6,1.0,132.5,1.0,130.5,1.0,134.99,1.0,130.45,1.0,135.0,3.0,130.4,1.0,136.0,1.0,128.5,1.0,140.0,1.0,128.0,2.0,,,124.0,5.0,,,108.5,1.0,,,108.49,1.0,,,93.8,1.0,,
362,Germany_Baseload#19#0#10000106,2021-10-01 06:28:36.911000,130.6,1.0,132.49,1.0,130.5,1.0,132.5,1.0,130.45,1.0,134.99,1.0,130.4,1.0,135.0,3.0,128.5,1.0,136.0,1.0,128.0,2.0,140.0,1.0,124.0,5.0,,,108.5,1.0,,,108.49,1.0,,,93.8,1.0,,
363,Germany_Baseload#19#0#10000106,2021-10-01 06:28:36.912000,130.6,1.0,132.49,1.0,130.5,1.0,134.99,1.0,130.45,1.0,135.0,3.0,130.4,1.0,136.0,1.0,128.5,1.0,140.0,1.0,128.0,2.0,,,124.0,5.0,,,108.5,1.0,,,108.49,1.0,,,93.8,1.0,,
364,Germany_Baseload#19#0#10000106,2021-10-01 06:28:37.112000,130.6,1.0,132.48,1.0,130.5,1.0,134.99,1.0,130.45,1.0,135.0,3.0,130.4,1.0,136.0,1.0,128.5,1.0,140.0,1.0,128.0,2.0,,,124.0,5.0,,,108.5,1.0,,,108.49,1.0,,,93.8,1.0,,
365,Germany_Baseload#19#0#10000106,2021-10-01 06:28:37.313000,130.6,1.0,132.47,1.0,130.5,1.0,134.99,1.0,130.45,1.0,135.0,3.0,130.4,1.0,136.0,1.0,128.5,1.0,140.0,1.0,128.0,2.0,,,124.0,5.0,,,108.5,1.0,,,108.49,1.0,,,93.8,1.0,,
366,Germany_Baseload#19#0#10000106,2021-10-01 06:28:37.515000,130.6,1.0,132.46,1.0,130.5,1.0,134.99,1.0,130.45,1.0,135.0,3.0,130.4,1.0,136.0,1.0,128.5,1.0,140.0,1.0,128.0,2.0,,,124.0,5.0,,,108.5,1.0,,,108.49,1.0,,,93.8,1.0,,
367,Germany_Baseload#19#0#10000106,2021-10-01 06:28:37.706000,130.6,1.0,132.45,1.0,130.5,1.0,134.99,1.0,130.45,1.0,135.0,3.0,130.4,1.0,136.0,1.0,128.5,1.0,140.0,1.0,128.0,2.0,,,124.0,5.0,,,108.5,1.0,,,108.49,1.0,,,93.8,1.0,,
368,Germany_Baseload#19#0#10000106,2021-10-01 06:28:37.912000,130.6,1.0,132.44,1.0,130.5,1.0,134.99,1.0,130.45,1.0,135.0,3.0,130.4,1.0,136.0,1.0,128.5,1.0,140.0,1.0,128.0,2.0,,,124.0,5.0,,,108.5,1.0,,,108.49,1.0,,,93.8,1.0,,
369,Germany_Baseload#19#0#10000106,2021-10-01 06:28:38.111000,130.6,1.0,132.43,1.0,130.5,1.0,132.44,1.0,130.45,1.0,134.99,1.0,130.4,1.0,135.0,3.0,128.5,1.0,136.0,1.0,128.0,2.0,140.0,1.0,124.0,5.0,,,108.5,1.0,,,108.49,1.0,,,93.8,1.0,,
370,Germany_Baseload#19#0#10000106,2021-10-01 06:28:38.112000,130.6,1.0,132.43,1.0,130.5,1.0,134.99,1.0,130.45,1.0,135.0,3.0,130.4,1.0,136.0,1.0,128.5,1.0,140.0,1.0,128.0,2.0,,,124.0,5.0,,,108.5,1.0,,,108.49,1.0,,,93.8,1.0,,
371,Germany_Baseload#19#0#10000106,2021-10-01 06:28:38.312000,130.6,1.0,132.42,1.0,130.5,1.0,134.99,1.0,130.45,1.0,135.0,3.0,130.4,1.0,136.0,1.0,128.5,1.0,140.0,1.0,128.0,2.0,,,124.0,5.0,,,108.5,1.0,,,108.49,1.0,,,93.8,1.0,,
372,Germany_Baseload#19#0#10000106,2021-10-01 06:28:38.512000,130.6,1.0,132.41,1.0,130.5,1.0,132.42,1.0,130.45,1.0,134.99,1.0,130.4,1.0,135.0,3.0,128.5,1.0,136.0,1.0,128.0,2.0,140.0,1.0,124.0,5.0,,,108.5,1.0,,,108.49,1.0,,,93.8,1.0,,
373,Germany_Baseload#19#0#10000106,2021-10-01 06:28:38.513000,130.6,1.0,132.41,1.0,130.5,1.0,134.99,1.0,130.45,1.0,135.0,3.0,130.4,1.0,136.0,1.0,128.5,1.0,140.0,1.0,128.0,2.0,,,124.0,5.0,,,108.5,1.0,,,108.49,1.0,,,93.8,1.0,,
374,Germany_Baseload#19#0#10000106,2021-10-01 06:28:38.714000,130.6,1.0,132.4,1.0,130.5,1.0,134.99,1.0,130.45,1.0,135.0,3.0,130.4,1.0,136.0,1.0,128.5,1.0,140.0,1.0,128.0,2.0,,,124.0,5.0,,,108.5,1.0,,,108.49,1.0,,,93.8,1.0,,
375,Germany_Baseload#19#0#10000106,2021-10-01 06:28:38.908000,130.6,1.0,132.39,1.0,130.5,1.0,134.99,1.0,130.45,1.0,135.0,3.0,130.4,1.0,136.0,1.0,128.5,1.0,140.0,1.0,128.0,2.0,,,124.0,5.0,,,108.5,1.0,,,108.49,1.0,,,93.8,1.0,,
376,Germany_Baseload#19#0#10000106,2021-10-01 06:28:39.107000,130.6,1.0,132.38,1.0,130.5,1.0,132.39,1.0,130.45,1.0,134.99,1.0,130.4,1.0,135.0,3.0,128.5,1.0,136.0,1.0,128.0,2.0,140.0,1.0,124.0,5.0,,,108.5,1.0,,,108.49,1.0,,,93.8,1.0,,
377,Germany_Baseload#19#0#10000106,2021-10-01 06:28:39.108000,130.6,1.0,132.38,1.0,130.5,1.0,134.99,1.0,130.45,1.0,135.0,3.0,130.4,1.0,136.0,1.0,128.5,1.0,140.0,1.0,128.0,2.0,,,124.0,5.0,,,108.5,1.0,,,108.49,1.0,,,93.8,1.0,,
378,Germany_Baseload#19#0#10000106,2021-10-01 06:28:39.165000,130.65,1.0,132.38,1.0,130.6,1.0,134.99,1.0,130.5,1.0,135.0,3.0,130.45,1.0,136.0,1.0,130.4,1.0,140.0,1.0,128.5,1.0,,,128.0,2.0,,,124.0,5.0,,,108.5,1.0,,,108.49,1.0,,
379,Germany_Baseload#19#0#10000106,2021-10-01 06:28:39.314000,130.65,1.0,132.37,1.0,130.6,1.0,134.99,1.0,130.5,1.0,135.0,3.0,130.45,1.0,136.0,1.0,130.4,1.0,140.0,1.0,128.5,1.0,,,128.0,2.0,,,124.0,5.0,,,108.5,1.0,,,108.49,1.0,,
380,Germany_Baseload#19#0#10000106,2021-10-01 06:28:39.513000,130.65,1.0,132.36,1.0,130.6,1.0,134.99,1.0,130.5,1.0,135.0,3.0,130.45,1.0,136.0,1.0,130.4,1.0,140.0,1.0,128.5,1.0,,,128.0,2.0,,,124.0,5.0,,,108.5,1.0,,,108.49,1.0,,
381,Germany_Baseload#19#0#10000106,2021-10-01 06:28:39.708000,130.65,1.0,132.35,1.0,130.6,1.0,134.99,1.0,130.5,1.0,135.0,3.0,130.45,1.0,136.0,1.0,130.4,1.0,140.0,1.0,128.5,1.0,,,128.0,2.0,,,124.0,5.0,,,108.5,1.0,,,108.49,1.0,,
382,Germany_Baseload#19#0#10000106,2021-10-01 06:28:39.912000,130.65,1.0,132.34,1.0,130.6,1.0,134.99,1.0,130.5,1.0,135.0,3.0,130.45,1.0,136.0,1.0,130.4,1.0,140.0,1.0,128.5,1.0,,,128.0,2.0,,,124.0,5.0,,,108.5,1.0,,,108.49,1.0,,
383,Germany_Baseload#19#0#10000106,2021-10-01 06:28:40.112000,130.65,1.0,132.33,1.0,130.6,1.0,132.34,1.0,130.5,1.0,134.99,1.0,130.45,1.0,135.0,3.0,130.4,1.0,136.0,1.0,128.5,1.0,140.0,1.0,128.0,2.0,,,124.0,5.0,,,108.5,1.0,,,108.49,1.0,,
384,Germany_Baseload#19#0#10000106,2021-10-01 06:28:40.113000,130.65,1.0,132.33,1.0,130.6,1.0,134.99,1.0,130.5,1.0,135.0,3.0,130.45,1.0,136.0,1.0,130.4,1.0,140.0,1.0,128.5,1.0,,,128.0,2.0,,,124.0,5.0,,,108.5,1.0,,,108.49,1.0,,
385,Germany_Baseload#19#0#10000106,2021-10-01 06:28:40.311000,130.65,1.0,132.32,1.0,130.6,1.0,134.99,1.0,130.5,1.0,135.0,3.0,130.45,1.0,136.0,1.0,130.4,1.0,140.0,1.0,128.5,1.0,,,128.0,2.0,,,124.0,5.0,,,108.5,1.0,,,108.49,1.0,,
386,Germany_Baseload#19#0#10000106,2021-10-01 06:28:40.527000,130.65,1.0,134.99,1.0,130.6,1.0,135.0,3.0,130.5,1.0,136.0,1.0,130.45,1.0,140.0,1.0,130.4,1.0,,,128.5,1.0,,,128.0,2.0,,,124.0,5.0,,,108.5,1.0,,,108.49,1.0,,
387,Germany_Baseload#19#0#10000106,2021-10-01 06:28:40.713000,130.65,1.0,132.3,1.0,130.6,1.0,134.99,1.0,130.5,1.0,135.0,3.0,130.45,1.0,136.0,1.0,130.4,1.0,140.0,1.0,128.5,1.0,,,128.0,2.0,,,124.0,5.0,,,108.5,1.0,,,108.49,1.0,,
388,Germany_Baseload#19#0#10000106,2021-10-01 06:28:40.913000,130.65,1.0,132.29,1.0,130.6,1.0,134.99,1.0,130.5,1.0,135.0,3.0,130.45,1.0,136.0,1.0,130.4,1.0,140.0,1.0,128.5,1.0,,,128.0,2.0,,,124.0,5.0,,,108.5,1.0,,,108.49,1.0,,
389,Germany_Baseload#19#0#10000106,2021-10-01 06:28:41.113000,130.65,1.0,132.28,1.0,130.6,1.0,134.99,1.0,130.5,1.0,135.0,3.0,130.45,1.0,136.0,1.0,130.4,1.0,140.0,1.0,128.5,1.0,,,128.0,2.0,,,124.0,5.0,,,108.5,1.0,,,108.49,1.0,,
390,Germany_Baseload#19#0#10000106,2021-10-01 06:28:41.316000,130.65,1.0,132.27,1.0,130.6,1.0,134.99,1.0,130.5,1.0,135.0,3.0,130.45,1.0,136.0,1.0,130.4,1.0,140.0,1.0,128.5,1.0,,,128.0,2.0,,,124.0,5.0,,,108.5,1.0,,,108.49,1.0,,
391,Germany_Baseload#19#0#10000106,2021-10-01 06:28:41.510000,130.65,1.0,132.26,1.0,130.6,1.0,134.99,1.0,130.5,1.0,135.0,3.0,130.45,1.0,136.0,1.0,130.4,1.0,140.0,1.0,128.5,1.0,,,128.0,2.0,,,124.0,5.0,,,108.5,1.0,,,108.49,1.0,,
392,Germany_Baseload#19#0#10000106,2021-10-01 06:28:41.719000,130.65,1.0,132.25,1.0,130.6,1.0,134.99,1.0,130.5,1.0,135.0,3.0,130.45,1.0,136.0,1.0,130.4,1.0,140.0,1.0,128.5,1.0,,,128.0,2.0,,,124.0,5.0,,,108.5,1.0,,,108.49,1.0,,
393,Germany_Baseload#19#0#10000106,2021-10-01 06:28:41.907000,130.65,1.0,132.24,1.0,130.6,1.0,134.99,1.0,130.5,1.0,135.0,3.0,130.45,1.0,136.0,1.0,130.4,1.0,140.0,1.0,128.5,1.0,,,128.0,2.0,,,124.0,5.0,,,108.5,1.0,,,108.49,1.0,,
394,Germany_Baseload#19#0#10000106,2021-10-01 06:28:42.113000,130.65,1.0,132.23,1.0,130.6,1.0,134.99,1.0,130.5,1.0,135.0,3.0,130.45,1.0,136.0,1.0,130.4,1.0,140.0,1.0,128.5,1.0,,,128.0,2.0,,,124.0,5.0,,,108.5,1.0,,,108.49,1.0,,
395,Germany_Baseload#19#0#10000106,2021-10-01 06:28:42.312000,130.65,1.0,132.22,1.0,130.6,1.0,134.99,1.0,130.5,1.0,135.0,3.0,130.45,1.0,136.0,1.0,130.4,1.0,140.0,1.0,128.5,1.0,,,128.0,2.0,,,124.0,5.0,,,108.5,1.0,,,108.49,1.0,,
396,Germany_Baseload#19#0#10000106,2021-10-01 06:28:42.448000,131.0,1.0,132.22,1.0,130.65,1.0,134.99,1.0,130.6,1.0,135.0,3.0,130.5,1.0,136.0,1.0,130.45,1.0,140.0,1.0,130.4,1.0,,,128.5,1.0,,,128.0,2.0,,,124.0,5.0,,,108.5,1.0,,
397,Germany_Baseload#19#0#10000106,2021-10-01 06:28:42.507000,131.0,1.0,132.21,1.0,130.65,1.0,134.99,1.0,130.6,1.0,135.0,3.0,130.5,1.0,136.0,1.0,130.45,1.0,140.0,1.0,130.4,1.0,,,128.5,1.0,,,128.0,2.0,,,124.0,5.0,,,108.5,1.0,,
398,Germany_Baseload#19#0#10000106,2021-10-01 06:28:42.709000,131.0,1.0,132.2,1.0,130.65,1.0,132.21,1.0,130.6,1.0,134.99,1.0,130.5,1.0,135.0,3.0,130.45,1.0,136.0,1.0,130.4,1.0,140.0,1.0,128.5,1.0,,,128.0,2.0,,,124.0,5.0,,,108.5,1.0,,
399,Germany_Baseload#19#0#10000106,2021-10-01 06:28:42.710000,131.0,1.0,132.2,1.0,130.65,1.0,134.99,1.0,130.6,1.0,135.0,3.0,130.5,1.0,136.0,1.0,130.45,1.0,140.0,1.0,130.4,1.0,,,128.5,1.0,,,128.0,2.0,,,124.0,5.0,,,108.5,1.0,,
400,Germany_Baseload#19#0#10000106,2021-10-01 06:28:42.910000,131.0,1.0,132.19,1.0,130.65,1.0,134.99,1.0,130.6,1.0,135.0,3.0,130.5,1.0,136.0,1.0,130.45,1.0,140.0,1.0,130.4,1.0,,,128.5,1.0,,,128.0,2.0,,,124.0,5.0,,,108.5,1.0,,
401,Germany_Baseload#19#0#10000106,2021-10-01 06:28:43.112000,131.0,1.0,132.18,1.0,130.65,1.0,134.99,1.0,130.6,1.0,135.0,3.0,130.5,1.0,136.0,1.0,130.45,1.0,140.0,1.0,130.4,1.0,,,128.5,1.0,,,128.0,2.0,,,124.0,5.0,,,108.5,1.0,,
402,Germany_Baseload#19#0#10000106,2021-10-01 06:28:43.313000,131.0,1.0,132.17,1.0,130.65,1.0,134.99,1.0,130.6,1.0,135.0,3.0,130.5,1.0,136.0,1.0,130.45,1.0,140.0,1.0,130.4,1.0,,,128.5,1.0,,,128.0,2.0,,,124.0,5.0,,,108.5,1.0,,
403,Germany_Baseload#19#0#10000106,2021-10-01 06:28:43.522000,131.0,1.0,132.16,1.0,130.65,1.0,134.99,1.0,130.6,1.0,135.0,3.0,130.5,1.0,136.0,1.0,130.45,1.0,140.0,1.0,130.4,1.0,,,128.5,1.0,,,128.0,2.0,,,124.0,5.0,,,108.5,1.0,,
404,Germany_Baseload#19#0#10000106,2021-10-01 06:28:43.709000,131.0,1.0,132.15,1.0,130.65,1.0,134.99,1.0,130.6,1.0,135.0,3.0,130.5,1.0,136.0,1.0,130.45,1.0,140.0,1.0,130.4,1.0,,,128.5,1.0,,,128.0,2.0,,,124.0,5.0,,,108.5,1.0,,
405,Germany_Baseload#19#0#10000106,2021-10-01 06:28:43.933000,131.0,1.0,132.14,1.0,130.65,1.0,132.15,1.0,130.6,1.0,134.99,1.0,130.5,1.0,135.0,3.0,130.45,1.0,136.0,1.0,130.4,1.0,140.0,1.0,128.5,1.0,,,128.0,2.0,,,124.0,5.0,,,108.5,1.0,,
406,Germany_Baseload#19#0#10000106,2021-10-01 06:28:43.934000,131.0,1.0,132.14,1.0,130.65,1.0,134.99,1.0,130.6,1.0,135.0,3.0,130.5,1.0,136.0,1.0,130.45,1.0,140.0,1.0,130.4,1.0,,,128.5,1.0,,,128.0,2.0,,,124.0,5.0,,,108.5,1.0,,
407,Germany_Baseload#19#0#10000106,2021-10-01 06:28:44.114000,131.0,1.0,132.13,1.0,130.65,1.0,134.99,1.0,130.6,1.0,135.0,3.0,130.5,1.0,136.0,1.0,130.45,1.0,140.0,1.0,130.4,1.0,,,128.5,1.0,,,128.0,2.0,,,124.0,5.0,,,108.5,1.0,,
408,Germany_Baseload#19#0#10000106,2021-10-01 06:28:44.316000,131.0,1.0,132.12,1.0,130.65,1.0,134.99,1.0,130.6,1.0,135.0,3.0,130.5,1.0,136.0,1.0,130.45,1.0,140.0,1.0,130.4,1.0,,,128.5,1.0,,,128.0,2.0,,,124.0,5.0,,,108.5,1.0,,
409,Germany_Baseload#19#0#10000106,2021-10-01 06:28:44.512000,131.0,1.0,132.11,1.0,130.65,1.0,134.99,1.0,130.6,1.0,135.0,3.0,130.5,1.0,136.0,1.0,130.45,1.0,140.0,1.0,130.4,1.0,,,128.5,1.0,,,128.0,2.0,,,124.0,5.0,,,108.5,1.0,,
410,Germany_Baseload#19#0#10000106,2021-10-01 06:28:44.714000,131.0,1.0,132.1,1.0,130.65,1.0,134.99,1.0,130.6,1.0,135.0,3.0,130.5,1.0,136.0,1.0,130.45,1.0,140.0,1.0,130.4,1.0,,,128.5,1.0,,,128.0,2.0,,,124.0,5.0,,,108.5,1.0,,
411,Germany_Baseload#19#0#10000106,2021-10-01 06:28:44.912000,131.0,1.0,132.09,1.0,130.65,1.0,134.99,1.0,130.6,1.0,135.0,3.0,130.5,1.0,136.0,1.0,130.45,1.0,140.0,1.0,130.4,1.0,,,128.5,1.0,,,128.0,2.0,,,124.0,5.0,,,108.5,1.0,,
412,Germany_Baseload#19#0#10000106,2021-10-01 06:28:45.121000,131.0,1.0,132.08,1.0,130.65,1.0,132.09,1.0,130.6,1.0,134.99,1.0,130.5,1.0,135.0,3.0,130.45,1.0,136.0,1.0,130.4,1.0,140.0,1.0,128.5,1.0,,,128.0,2.0,,,124.0,5.0,,,108.5,1.0,,
413,Germany_Baseload#19#0#10000106,2021-10-01 06:28:45.122000,131.0,1.0,132.08,1.0,130.65,1.0,134.99,1.0,130.6,1.0,135.0,3.0,130.5,1.0,136.0,1.0,130.45,1.0,140.0,1.0,130.4,1.0,,,128.5,1.0,,,128.0,2.0,,,124.0,5.0,,,108.5,1.0,,
414,Germany_Baseload#19#0#10000106,2021-10-01 06:28:45.315000,131.0,1.0,132.07,1.0,130.65,1.0,134.99,1.0,130.6,1.0,135.0,3.0,130.5,1.0,136.0,1.0,130.45,1.0,140.0,1.0,130.4,1.0,,,128.5,1.0,,,128.0,2.0,,,124.0,5.0,,,108.5,1.0,,
415,Germany_Baseload#19#0#10000106,2021-10-01 06:28:45.512000,131.0,1.0,132.06,1.0,130.65,1.0,132.07,1.0,130.6,1.0,134.99,1.0,130.5,1.0,135.0,3.0,130.45,1.0,136.0,1.0,130.4,1.0,140.0,1.0,128.5,1.0,,,128.0,2.0,,,124.0,5.0,,,108.5,1.0,,
416,Germany_Baseload#19#0#10000106,2021-10-01 06:28:45.513000,131.0,1.0,132.06,1.0,130.65,1.0,134.99,1.0,130.6,1.0,135.0,3.0,130.5,1.0,136.0,1.0,130.45,1.0,140.0,1.0,130.4,1.0,,,128.5,1.0,,,128.0,2.0,,,124.0,5.0,,,108.5,1.0,,
417,Germany_Baseload#19#0#10000106,2021-10-01 06:28:45.716000,131.0,1.0,132.05,1.0,130.65,1.0,134.99,1.0,130.6,1.0,135.0,3.0,130.5,1.0,136.0,1.0,130.45,1.0,140.0,1.0,130.4,1.0,,,128.5,1.0,,,128.0,2.0,,,124.0,5.0,,,108.5,1.0,,
418,Germany_Baseload#19#0#10000106,2021-10-01 06:28:45.912000,131.0,1.0,132.04,1.0,130.65,1.0,134.99,1.0,130.6,1.0,135.0,3.0,130.5,1.0,136.0,1.0,130.45,1.0,140.0,1.0,130.4,1.0,,,128.5,1.0,,,128.0,2.0,,,124.0,5.0,,,108.5,1.0,,
419,Germany_Baseload#19#0#10000106,2021-10-01 06:28:46.108000,131.0,1.0,132.03,1.0,130.65,1.0,134.99,1.0,130.6,1.0,135.0,3.0,130.5,1.0,136.0,1.0,130.45,1.0,140.0,1.0,130.4,1.0,,,128.5,1.0,,,128.0,2.0,,,124.0,5.0,,,108.5,1.0,,
420,Germany_Baseload#19#0#10000106,2021-10-01 06:28:46.307000,131.0,1.0,132.02,1.0,130.65,1.0,134.99,1.0,130.6,1.0,135.0,3.0,130.5,1.0,136.0,1.0,130.45,1.0,140.0,1.0,130.4,1.0,,,128.5,1.0,,,128.0,2.0,,,124.0,5.0,,,108.5,1.0,,
421,Germany_Baseload#19#0#10000106,2021-10-01 06:28:46.513000,131.0,1.0,132.01,1.0,130.65,1.0,134.99,1.0,130.6,1.0,135.0,3.0,130.5,1.0,136.0,1.0,130.45,1.0,140.0,1.0,130.4,1.0,,,128.5,1.0,,,128.0,2.0,,,124.0,5.0,,,108.5,1.0,,
422,Germany_Baseload#19#0#10000106,2021-10-01 06:28:46.714000,131.0,1.0,132.0,1.0,130.65,1.0,134.99,1.0,130.6,1.0,135.0,3.0,130.5,1.0,136.0,1.0,130.45,1.0,140.0,1.0,130.4,1.0,,,128.5,1.0,,,128.0,2.0,,,124.0,5.0,,,108.5,1.0,,
423,Germany_Baseload#19#0#10000106,2021-10-01 06:28:46.910000,131.0,1.0,131.99,1.0,130.65,1.0,134.99,1.0,130.6,1.0,135.0,3.0,130.5,1.0,136.0,1.0,130.45,1.0,140.0,1.0,130.4,1.0,,,128.5,1.0,,,128.0,2.0,,,124.0,5.0,,,108.5,1.0,,
424,Germany_Baseload#19#0#10000106,2021-10-01 06:28:47.112000,131.0,1.0,131.98,1.0,130.65,1.0,131.99,1.0,130.6,1.0,134.99,1.0,130.5,1.0,135.0,3.0,130.45,1.0,136.0,1.0,130.4,1.0,140.0,1.0,128.5,1.0,,,128.0,2.0,,,124.0,5.0,,,108.5,1.0,,
425,Germany_Baseload#19#0#10000106,2021-10-01 06:28:47.113000,131.0,1.0,131.98,1.0,130.65,1.0,134.99,1.0,130.6,1.0,135.0,3.0,130.5,1.0,136.0,1.0,130.45,1.0,140.0,1.0,130.4,1.0,,,128.5,1.0,,,128.0,2.0,,,124.0,5.0,,,108.5,1.0,,
426,Germany_Baseload#19#0#10000106,2021-10-01 06:28:47.312000,131.0,1.0,131.97,1.0,130.65,1.0,134.99,1.0,130.6,1.0,135.0,3.0,130.5,1.0,136.0,1.0,130.45,1.0,140.0,1.0,130.4,1.0,,,128.5,1.0,,,128.0,2.0,,,124.0,5.0,,,108.5,1.0,,
427,Germany_Baseload#19#0#10000106,2021-10-01 06:28:47.509000,131.0,1.0,131.96,1.0,130.65,1.0,134.99,1.0,130.6,1.0,135.0,3.0,130.5,1.0,136.0,1.0,130.45,1.0,140.0,1.0,130.4,1.0,,,128.5,1.0,,,128.0,2.0,,,124.0,5.0,,,108.5,1.0,,
428,Germany_Baseload#19#0#10000106,2021-10-01 06:28:47.711000,131.0,1.0,131.95,1.0,130.65,1.0,134.99,1.0,130.6,1.0,135.0,3.0,130.5,1.0,136.0,1.0,130.45,1.0,140.0,1.0,130.4,1.0,,,128.5,1.0,,,128.0,2.0,,,124.0,5.0,,,108.5,1.0,,
429,Germany_Baseload#19#0#10000106,2021-10-01 06:28:47.913000,131.0,1.0,131.94,1.0,130.65,1.0,134.99,1.0,130.6,1.0,135.0,3.0,130.5,1.0,136.0,1.0,130.45,1.0,140.0,1.0,130.4,1.0,,,128.5,1.0,,,128.0,2.0,,,124.0,5.0,,,108.5,1.0,,
430,Germany_Baseload#19#0#10000106,2021-10-01 06:28:48.113000,131.0,1.0,131.93,1.0,130.65,1.0,134.99,1.0,130.6,1.0,135.0,3.0,130.5,1.0,136.0,1.0,130.45,1.0,140.0,1.0,130.4,1.0,,,128.5,1.0,,,128.0,2.0,,,124.0,5.0,,,108.5,1.0,,
431,Germany_Baseload#19#0#10000106,2021-10-01 06:28:48.312000,131.0,1.0,131.92,1.0,130.65,1.0,131.93,1.0,130.6,1.0,134.99,1.0,130.5,1.0,135.0,3.0,130.45,1.0,136.0,1.0,130.4,1.0,140.0,1.0,128.5,1.0,,,128.0,2.0,,,124.0,5.0,,,108.5,1.0,,
432,Germany_Baseload#19#0#10000106,2021-10-01 06:28:48.313000,131.0,1.0,131.92,1.0,130.65,1.0,134.99,1.0,130.6,1.0,135.0,3.0,130.5,1.0,136.0,1.0,130.45,1.0,140.0,1.0,130.4,1.0,,,128.5,1.0,,,128.0,2.0,,,124.0,5.0,,,108.5,1.0,,
433,Germany_Baseload#19#0#10000106,2021-10-01 06:28:48.337000,131.0,1.0,131.92,1.0,130.65,1.0,134.99,1.0,130.6,1.0,135.0,3.0,130.45,1.0,136.0,1.0,130.4,1.0,140.0,1.0,128.5,1.0,,,128.0,2.0,,,124.0,5.0,,,108.5,1.0,,,108.49,1.0,,
434,Germany_Baseload#19#0#10000106,2021-10-01 06:28:48.367000,131.0,1.0,131.92,1.0,130.65,1.0,134.99,1.0,130.6,1.0,135.0,3.0,130.55,1.0,136.0,1.0,130.45,1.0,140.0,1.0,130.4,1.0,,,128.5,1.0,,,128.0,2.0,,,124.0,5.0,,,108.5,1.0,,
435,Germany_Baseload#19#0#10000106,2021-10-01 06:28:48.515000,131.0,1.0,131.91,1.0,130.65,1.0,134.99,1.0,130.6,1.0,135.0,3.0,130.55,1.0,136.0,1.0,130.45,1.0,140.0,1.0,130.4,1.0,,,128.5,1.0,,,128.0,2.0,,,124.0,5.0,,,108.5,1.0,,
436,Germany_Baseload#19#0#10000106,2021-10-01 06:28:48.707000,131.0,1.0,131.9,1.0,130.65,1.0,134.99,1.0,130.6,1.0,135.0,3.0,130.55,1.0,136.0,1.0,130.45,1.0,140.0,1.0,130.4,1.0,,,128.5,1.0,,,128.0,2.0,,,124.0,5.0,,,108.5,1.0,,
437,Germany_Baseload#19#0#10000106,2021-10-01 06:28:48.798000,131.0,1.0,131.9,1.0,130.65,1.0,134.99,1.0,130.6,1.0,135.0,3.0,130.55,1.0,136.0,1.0,130.45,1.0,140.0,1.0,130.4,1.0,,,128.5,1.0,,,128.0,2.0,,,124.0,5.0,,,108.5,1.0,,
438,Germany_Baseload#19#0#10000106,2021-10-01 06:28:48.909000,131.0,1.0,131.89,1.0,130.65,1.0,134.99,1.0,130.6,1.0,135.0,3.0,130.55,1.0,136.0,1.0,130.45,1.0,140.0,1.0,130.4,1.0,,,128.5,1.0,,,128.0,2.0,,,124.0,5.0,,,108.5,1.0,,
439,Germany_Baseload#19#0#10000106,2021-10-01 06:28:49.108000,131.0,1.0,131.88,1.0,130.65,1.0,134.99,1.0,130.6,1.0,135.0,3.0,130.55,1.0,136.0,1.0,130.45,1.0,140.0,1.0,130.4,1.0,,,128.5,1.0,,,128.0,2.0,,,124.0,5.0,,,108.5,1.0,,
440,Germany_Baseload#19#0#10000106,2021-10-01 06:28:49.313000,131.0,1.0,131.87,1.0,130.65,1.0,134.99,1.0,130.6,1.0,135.0,3.0,130.55,1.0,136.0,1.0,130.45,1.0,140.0,1.0,130.4,1.0,,,128.5,1.0,,,128.0,2.0,,,124.0,5.0,,,108.5,1.0,,
441,Germany_Baseload#19#0#10000106,2021-10-01 06:28:49.507000,131.0,1.0,131.86,1.0,130.65,1.0,134.99,1.0,130.6,1.0,135.0,3.0,130.55,1.0,136.0,1.0,130.45,1.0,140.0,1.0,130.4,1.0,,,128.5,1.0,,,128.0,2.0,,,124.0,5.0,,,108.5,1.0,,
442,Germany_Baseload#19#0#10000106,2021-10-01 06:28:49.715000,131.0,1.0,131.85,1.0,130.65,1.0,134.99,1.0,130.6,1.0,135.0,3.0,130.55,1.0,136.0,1.0,130.45,1.0,140.0,1.0,130.4,1.0,,,128.5,1.0,,,128.0,2.0,,,124.0,5.0,,,108.5,1.0,,
443,Germany_Baseload#19#0#10000106,2021-10-01 06:28:49.917000,131.0,1.0,131.84,1.0,130.65,1.0,134.99,1.0,130.6,1.0,135.0,3.0,130.55,1.0,136.0,1.0,130.45,1.0,140.0,1.0,130.4,1.0,,,128.5,1.0,,,128.0,2.0,,,124.0,5.0,,,108.5,1.0,,
444,Germany_Baseload#19#0#10000106,2021-10-01 06:28:50.113000,131.0,1.0,131.83,1.0,130.65,1.0,131.84,1.0,130.6,1.0,134.99,1.0,130.55,1.0,135.0,3.0,130.45,1.0,136.0,1.0,130.4,1.0,140.0,1.0,128.5,1.0,,,128.0,2.0,,,124.0,5.0,,,108.5,1.0,,
445,Germany_Baseload#19#0#10000106,2021-10-01 06:28:50.114000,131.0,1.0,131.83,1.0,130.65,1.0,134.99,1.0,130.6,1.0,135.0,3.0,130.55,1.0,136.0,1.0,130.45,1.0,140.0,1.0,130.4,1.0,,,128.5,1.0,,,128.0,2.0,,,124.0,5.0,,,108.5,1.0,,
446,Germany_Baseload#19#0#10000106,2021-10-01 06:28:50.315000,131.0,1.0,131.82,1.0,130.65,1.0,134.99,1.0,130.6,1.0,135.0,3.0,130.55,1.0,136.0,1.0,130.45,1.0,140.0,1.0,130.4,1.0,,,128.5,1.0,,,128.0,2.0,,,124.0,5.0,,,108.5,1.0,,
447,Germany_Baseload#19#0#10000106,2021-10-01 06:28:50.507000,131.0,1.0,131.81,1.0,130.65,1.0,134.99,1.0,130.6,1.0,135.0,3.0,130.55,1.0,136.0,1.0,130.45,1.0,140.0,1.0,130.4,1.0,,,128.5,1.0,,,128.0,2.0,,,124.0,5.0,,,108.5,1.0,,
448,Germany_Baseload#19#0#10000106,2021-10-01 06:28:50.711000,131.0,1.0,131.8,1.0,130.65,1.0,134.99,1.0,130.6,1.0,135.0,3.0,130.55,1.0,136.0,1.0,130.45,1.0,140.0,1.0,130.4,1.0,,,128.5,1.0,,,128.0,2.0,,,124.0,5.0,,,108.5,1.0,,
449,Germany_Baseload#19#0#10000106,2021-10-01 06:28:50.911000,131.0,1.0,131.79,1.0,130.65,1.0,134.99,1.0,130.6,1.0,135.0,3.0,130.55,1.0,136.0,1.0,130.45,1.0,140.0,1.0,130.4,1.0,,,128.5,1.0,,,128.0,2.0,,,124.0,5.0,,,108.5,1.0,,
450,Germany_Baseload#19#0#10000106,2021-10-01 06:28:51.116000,131.0,1.0,131.78,1.0,130.65,1.0,134.99,1.0,130.6,1.0,135.0,3.0,130.55,1.0,136.0,1.0,130.45,1.0,140.0,1.0,130.4,1.0,,,128.5,1.0,,,128.0,2.0,,,124.0,5.0,,,108.5,1.0,,
451,Germany_Baseload#19#0#10000106,2021-10-01 06:28:51.314000,131.0,1.0,131.77,1.0,130.65,1.0,134.99,1.0,130.6,1.0,135.0,3.0,130.55,1.0,136.0,1.0,130.45,1.0,140.0,1.0,130.4,1.0,,,128.5,1.0,,,128.0,2.0,,,124.0,5.0,,,108.5,1.0,,
452,Germany_Baseload#19#0#10000106,2021-10-01 06:28:51.506000,131.0,1.0,131.76,1.0,130.65,1.0,134.99,1.0,130.6,1.0,135.0,3.0,130.55,1.0,136.0,1.0,130.45,1.0,140.0,1.0,130.4,1.0,,,128.5,1.0,,,128.0,2.0,,,124.0,5.0,,,108.5,1.0,,
