,key,Datetime,BidPrice_0,BidVolume_0,AskPrice_0,AskVolume_0,BidPrice_1,BidVolume_1,AskPrice_1,AskVolume_1,BidPrice_2,BidVolume_2,AskPrice_2,AskVolume_2,BidPrice_3,BidVolume_3,AskPrice_3,AskVolume_3,BidPrice_4,BidVolume_4,AskPrice_4,AskVolume_4,BidPrice_5,BidVolume_5,AskPrice_5,AskVolume_5,BidPrice_6,BidVolume_6,AskPrice_6,AskVolume_6,BidPrice_7,BidVolume_7,AskPrice_7,AskVolume_7,BidPrice_8,BidVolume_8,AskPrice_8,AskVolume_8,BidPrice_9,BidVolume_9,AskPrice_9,AskVolume_9
0,Germany_Baseload#19#0#10000106,2021-10-06 05:39:40.831000,,,165.0,2.0,,,,,,,,,,,,,,,,,,,,,,,,,,,,,,,,,,,,
1,Germany_Baseload#19#0#10000106,2021-10-06 05:50:22.959000,150.0,2.0,165.0,2.0,,,,,,,,,,,,,,,,,,,,,,,,,,,,,,,,,,,,
2,Germany_Baseload#19#0#10000106,2021-10-06 05:56:30.676000,155.0,1.0,165.0,2.0,150.0,2.0,,,,,,,,,,,,,,,,,,,,,,,,,,,,,,,,,,
3,Germany_Baseload#19#0#10000106,2021-10-06 05:56:49.410000,156.0,5.0,165.0,2.0,155.0,1.0,,,150.0,2.0,,,,,,,,,,,,,,,,,,,,,,,,,,,,,,
4,Germany_Baseload#19#0#10000106,2021-10-06 05:56:59.972000,156.0,5.0,165.0,2.0,150.0,2.0,,,,,,,,,,,,,,,,,,,,,,,,,,,,,,,,,,
5,Germany_Baseload#19#0#10000106,2021-10-06 05:59:48.470000,156.0,5.0,170.0,2.0,150.0,2.0,,,,,,,,,,,,,,,,,,,,,,,,,,,,,,,,,,
6,Germany_Baseload#19#0#10000106,2021-10-06 05:59:59.830000,150.0,2.0,170.0,2.0,,,,,,,,,,,,,,,,,,,,,,,,,,,,,,,,,,,,
7,Germany_Baseload#19#0#10000106,2021-10-06 06:00:01.185000,152.0,1.0,170.0,2.0,150.0,2.0,,,148.0,1.0,,,125.0,1.0,,,52.0,1.0,,,48.0,3.0,,,,,,,,,,,,,,,,,,
8,Germany_Baseload#19#0#10000106,2021-10-06 06:03:17.911000,160.0,1.0,170.0,2.0,152.0,1.0,,,150.0,2.0,,,148.0,1.0,,,125.0,1.0,,,52.0,1.0,,,48.0,3.0,,,,,,,,,,,,,,
9,Germany_Baseload#19#0#10000106,2021-10-06 06:05:40.974000,161.0,1.0,170.0,2.0,160.0,1.0,,,152.0,1.0,,,150.0,2.0,,,148.0,1.0,,,125.0,1.0,,,52.0,1.0,,,48.0,3.0,,,,,,,,,,
10,Germany_Baseload#19#0#10000106,2021-10-06 06:07:44.745000,161.0,1.0,170.0,2.0,160.0,1.0,,,152.0,1.0,,,150.0,2.0,,,148.0,1.0,,,125.0,1.0,,,100.0,1.0,,,52.0,1.0,,,48.0,3.0,,,,,,
11,Germany_Baseload#19#0#10000106,2021-10-06 06:07:47.750000,161.0,1.0,170.0,2.0,160.0,1.0,,,152.0,1.0,,,150.0,2.0,,,148.0,1.0,,,125.0,1.0,,,52.0,1.0,,,48.0,3.0,,,,,,,,,,
12,Germany_Baseload#19#0#10000106,2021-10-06 06:08:35.071000,161.1,1.0,170.0,2.0,161.0,1.0,,,160.0,1.0,,,152.0,1.0,,,150.0,2.0,,,148.0,1.0,,,125.0,1.0,,,52.0,1.0,,,48.0,3.0,,,,,,
13,Germany_Baseload#19#0#10000106,2021-10-06 06:08:45.252000,161.1,1.0,170.0,2.0,161.0,1.0,,,152.0,1.0,,,150.0,2.0,,,148.0,1.0,,,125.0,1.0,,,52.0,1.0,,,48.0,3.0,,,,,,,,,,
14,Germany_Baseload#19#0#10000106,2021-10-06 06:08:45.282000,161.25,1.0,170.0,2.0,161.1,1.0,,,161.0,1.0,,,152.0,1.0,,,150.0,2.0,,,148.0,1.0,,,125.0,1.0,,,52.0,1.0,,,48.0,3.0,,,,,,
15,Germany_Baseload#19#0#10000106,2021-10-06 06:11:46.225000,161.25,1.0,170.0,2.0,161.1,1.0,259.0,1.0,161.0,1.0,,,152.0,1.0,,,150.0,2.0,,,148.0,1.0,,,125.0,1.0,,,52.0,1.0,,,48.0,3.0,,,,,,
16,Germany_Baseload#19#0#10000106,2021-10-06 06:12:13.203000,161.25,1.0,170.0,2.0,161.1,1.0,199.0,1.0,161.0,1.0,259.0,1.0,152.0,1.0,,,150.0,2.0,,,148.0,1.0,,,125.0,1.0,,,52.0,1.0,,,48.0,3.0,,,,,,
17,Germany_Baseload#19#0#10000106,2021-10-06 06:14:00.782000,161.5,1.0,170.0,2.0,161.25,1.0,199.0,1.0,161.1,1.0,259.0,1.0,152.0,1.0,,,150.0,2.0,,,148.0,1.0,,,125.0,1.0,,,52.0,1.0,,,48.0,3.0,,,,,,
18,Germany_Baseload#19#0#10000106,2021-10-06 06:14:02.766000,161.25,1.0,170.0,2.0,161.1,1.0,199.0,1.0,152.0,1.0,259.0,1.0,150.0,2.0,,,148.0,1.0,,,125.0,1.0,,,52.0,1.0,,,48.0,3.0,,,,,,,,,,
19,Germany_Baseload#19#0#10000106,2021-10-06 06:14:38.071000,163.0,1.0,170.0,2.0,161.25,1.0,199.0,1.0,161.1,1.0,259.0,1.0,152.0,1.0,,,150.0,2.0,,,148.0,1.0,,,125.0,1.0,,,52.0,1.0,,,48.0,3.0,,,,,,
20,Germany_Baseload#19#0#10000106,2021-10-06 06:16:40.209000,163.0,1.0,168.0,1.0,161.25,1.0,170.0,2.0,161.1,1.0,199.0,1.0,152.0,1.0,259.0,1.0,150.0,2.0,,,148.0,1.0,,,125.0,1.0,,,52.0,1.0,,,48.0,3.0,,,,,,
21,Germany_Baseload#19#0#10000106,2021-10-06 06:17:07.640000,163.0,1.0,168.0,1.0,161.25,1.0,199.0,1.0,161.1,1.0,259.0,1.0,152.0,1.0,,,150.0,2.0,,,148.0,1.0,,,125.0,1.0,,,52.0,1.0,,,48.0,3.0,,,,,,
22,Germany_Baseload#19#0#10000106,2021-10-06 06:17:07.686000,163.0,1.0,167.0,1.0,161.25,1.0,168.0,1.0,161.1,1.0,199.0,1.0,152.0,1.0,259.0,1.0,150.0,2.0,,,148.0,1.0,,,125.0,1.0,,,52.0,1.0,,,48.0,3.0,,,,,,
23,Germany_Baseload#19#0#10000106,2021-10-06 06:17:29.001000,163.0,1.0,166.0,1.0,161.25,1.0,167.0,1.0,161.1,1.0,199.0,1.0,152.0,1.0,259.0,1.0,150.0,2.0,,,148.0,1.0,,,125.0,1.0,,,52.0,1.0,,,48.0,3.0,,,,,,
24,Germany_Baseload#19#0#10000106,2021-10-06 06:17:42.736000,163.1,1.0,166.0,1.0,163.0,1.0,167.0,1.0,161.25,1.0,199.0,1.0,152.0,1.0,259.0,1.0,150.0,2.0,,,148.0,1.0,,,125.0,1.0,,,52.0,1.0,,,48.0,3.0,,,,,,
25,Germany_Baseload#19#0#10000106,2021-10-06 06:17:51.403000,163.5,1.0,166.0,1.0,163.1,1.0,167.0,1.0,161.25,1.0,199.0,1.0,152.0,1.0,259.0,1.0,150.0,2.0,,,148.0,1.0,,,125.0,1.0,,,52.0,1.0,,,48.0,3.0,,,,,,
26,Germany_Baseload#19#0#10000106,2021-10-06 06:17:59.893000,163.5,1.0,166.0,1.0,161.25,1.0,167.0,1.0,152.0,1.0,199.0,1.0,150.0,2.0,259.0,1.0,148.0,1.0,,,125.0,1.0,,,52.0,1.0,,,48.0,3.0,,,,,,,,,,
27,Germany_Baseload#19#0#10000106,2021-10-06 06:18:23.985000,162.0,1.0,166.0,1.0,161.25,1.0,167.0,1.0,152.0,1.0,199.0,1.0,150.0,2.0,259.0,1.0,148.0,1.0,,,125.0,1.0,,,52.0,1.0,,,48.0,3.0,,,,,,,,,,
28,Germany_Baseload#19#0#10000106,2021-10-06 06:18:38.897000,161.25,1.0,166.0,1.0,152.0,1.0,167.0,1.0,150.0,2.0,199.0,1.0,148.0,1.0,259.0,1.0,125.0,1.0,,,52.0,1.0,,,48.0,3.0,,,,,,,,,,,,,,
29,Germany_Baseload#19#0#10000106,2021-10-06 06:18:42.603000,152.0,1.0,166.0,1.0,150.0,2.0,167.0,1.0,148.0,1.0,199.0,1.0,125.0,1.0,259.0,1.0,52.0,1.0,,,48.0,3.0,,,,,,,,,,,,,,,,,,
30,Germany_Baseload#19#0#10000106,2021-10-06 06:18:51.890000,160.0,1.0,166.0,1.0,152.0,1.0,167.0,1.0,150.0,2.0,199.0,1.0,148.0,1.0,259.0,1.0,125.0,1.0,,,52.0,1.0,,,48.0,3.0,,,,,,,,,,,,,,
31,Germany_Baseload#19#0#10000106,2021-10-06 06:18:58.982000,161.0,1.0,166.0,1.0,160.0,1.0,167.0,1.0,152.0,1.0,199.0,1.0,150.0,2.0,259.0,1.0,148.0,1.0,,,125.0,1.0,,,52.0,1.0,,,48.0,3.0,,,,,,,,,,
32,Germany_Baseload#19#0#10000106,2021-10-06 06:19:21.160000,161.0,1.0,166.0,1.0,160.0,1.0,167.0,1.0,152.0,1.0,199.0,1.0,150.0,2.0,259.0,1.0,148.0,1.0,,,125.0,1.0,,,52.0,1.0,,,48.0,3.0,,,,,,,,,,
33,Germany_Baseload#19#0#10000106,2021-10-06 06:19:30.467000,161.5,1.0,166.0,1.0,161.0,1.0,167.0,1.0,160.0,1.0,199.0,1.0,152.0,1.0,259.0,1.0,150.0,2.0,,,148.0,1.0,,,125.0,1.0,,,52.0,1.0,,,48.0,3.0,,,,,,
34,Germany_Baseload#19#0#10000106,2021-10-06 06:20:49.925000,162.0,1.0,166.0,1.0,161.5,1.0,167.0,1.0,160.0,1.0,199.0,1.0,152.0,1.0,259.0,1.0,150.0,2.0,,,148.0,1.0,,,125.0,1.0,,,52.0,1.0,,,48.0,3.0,,,,,,
35,Germany_Baseload#19#0#10000106,2021-10-06 06:20:55.597000,162.0,1.0,167.0,1.0,161.5,1.0,199.0,1.0,160.0,1.0,259.0,1.0,152.0,1.0,,,150.0,2.0,,,148.0,1.0,,,125.0,1.0,,,52.0,1.0,,,48.0,3.0,,,,,,
36,Germany_Baseload#19#0#10000106,2021-10-06 06:20:58.673000,161.5,1.0,167.0,1.0,160.0,1.0,199.0,1.0,152.0,1.0,259.0,1.0,150.0,2.0,,,148.0,1.0,,,125.0,1.0,,,52.0,1.0,,,48.0,3.0,,,,,,,,,,
37,Germany_Baseload#19#0#10000106,2021-10-06 06:21:02.568000,161.5,1.0,199.0,1.0,160.0,1.0,259.0,1.0,152.0,1.0,,,150.0,2.0,,,148.0,1.0,,,125.0,1.0,,,52.0,1.0,,,48.0,3.0,,,,,,,,,,
38,Germany_Baseload#19#0#10000106,2021-10-06 06:21:02.599000,161.5,1.0,167.0,1.0,160.0,1.0,199.0,1.0,152.0,1.0,259.0,1.0,150.0,2.0,,,148.0,1.0,,,125.0,1.0,,,52.0,1.0,,,48.0,3.0,,,,,,,,,,
39,Germany_Baseload#19#0#10000106,2021-10-06 06:21:04.219000,161.5,1.0,199.0,1.0,160.0,1.0,259.0,1.0,152.0,1.0,,,150.0,2.0,,,148.0,1.0,,,125.0,1.0,,,52.0,1.0,,,48.0,3.0,,,,,,,,,,
40,Germany_Baseload#19#0#10000106,2021-10-06 06:21:04.248000,161.5,1.0,167.0,1.0,160.0,1.0,199.0,1.0,152.0,1.0,259.0,1.0,150.0,2.0,,,148.0,1.0,,,125.0,1.0,,,52.0,1.0,,,48.0,3.0,,,,,,,,,,
41,Germany_Baseload#19#0#10000106,2021-10-06 06:21:04.323000,161.5,1.0,199.0,1.0,160.0,1.0,259.0,1.0,152.0,1.0,,,150.0,2.0,,,148.0,1.0,,,125.0,1.0,,,52.0,1.0,,,48.0,3.0,,,,,,,,,,
42,Germany_Baseload#19#0#10000106,2021-10-06 06:21:22.707000,161.5,1.0,171.0,1.0,160.0,1.0,199.0,1.0,152.0,1.0,259.0,1.0,150.0,2.0,,,148.0,1.0,,,125.0,1.0,,,52.0,1.0,,,48.0,3.0,,,,,,,,,,
43,Germany_Baseload#19#0#10000106,2021-10-06 06:21:23.501000,161.5,2.0,171.0,1.0,160.0,1.0,199.0,1.0,152.0,1.0,259.0,1.0,150.0,2.0,,,148.0,1.0,,,125.0,1.0,,,52.0,1.0,,,48.0,3.0,,,,,,,,,,
44,Germany_Baseload#19#0#10000106,2021-10-06 06:21:25.694000,164.0,2.0,171.0,1.0,161.5,2.0,199.0,1.0,160.0,1.0,259.0,1.0,152.0,1.0,,,150.0,2.0,,,148.0,1.0,,,125.0,1.0,,,52.0,1.0,,,48.0,3.0,,,,,,
45,Germany_Baseload#19#0#10000106,2021-10-06 06:21:30.575000,164.0,3.0,171.0,1.0,161.5,2.0,199.0,1.0,160.0,1.0,259.0,1.0,152.0,1.0,,,150.0,2.0,,,148.0,1.0,,,125.0,1.0,,,52.0,1.0,,,48.0,3.0,,,,,,
46,Germany_Baseload#19#0#10000106,2021-10-06 06:21:32.337000,164.0,3.0,171.0,2.0,161.5,2.0,199.0,1.0,160.0,1.0,259.0,1.0,152.0,1.0,,,150.0,2.0,,,148.0,1.0,,,125.0,1.0,,,52.0,1.0,,,48.0,3.0,,,,,,
47,Germany_Baseload#19#0#10000106,2021-10-06 06:21:32.719000,164.0,3.0,171.0,2.0,161.5,1.0,199.0,1.0,160.0,1.0,259.0,1.0,152.0,1.0,,,150.0,2.0,,,148.0,1.0,,,125.0,1.0,,,52.0,1.0,,,48.0,3.0,,,,,,
48,Germany_Baseload#19#0#10000106,2021-10-06 06:21:33.911000,164.0,3.0,171.0,2.0,161.5,1.0,199.0,1.0,152.0,1.0,259.0,1.0,150.0,2.0,,,148.0,1.0,,,125.0,1.0,,,52.0,1.0,,,48.0,3.0,,,,,,,,,,
49,Germany_Baseload#19#0#10000106,2021-10-06 06:21:37.067000,165.0,1.0,171.0,2.0,164.0,3.0,199.0,1.0,152.0,1.0,259.0,1.0,150.0,2.0,,,148.0,1.0,,,125.0,1.0,,,52.0,1.0,,,48.0,3.0,,,,,,,,,,
50,Germany_Baseload#19#0#10000106,2021-10-06 06:21:42.386000,165.0,1.0,170.0,1.0,164.0,3.0,171.0,1.0,152.0,1.0,199.0,1.0,150.0,2.0,259.0,1.0,148.0,1.0,,,125.0,1.0,,,52.0,1.0,,,48.0,3.0,,,,,,,,,,
51,Germany_Baseload#19#0#10000106,2021-10-06 06:21:42.623000,165.0,1.0,170.0,1.0,164.0,3.0,171.0,1.0,152.0,1.0,175.0,1.0,150.0,2.0,199.0,1.0,148.0,1.0,259.0,1.0,125.0,1.0,,,52.0,1.0,,,48.0,3.0,,,,,,,,,,
52,Germany_Baseload#19#0#10000106,2021-10-06 06:21:44.998000,165.0,2.0,170.0,1.0,164.0,3.0,171.0,1.0,152.0,1.0,175.0,1.0,150.0,2.0,199.0,1.0,148.0,1.0,259.0,1.0,125.0,1.0,,,52.0,1.0,,,48.0,3.0,,,,,,,,,,
53,Germany_Baseload#19#0#10000106,2021-10-06 06:21:46.908000,165.0,2.0,170.0,1.0,164.0,2.0,171.0,1.0,152.0,1.0,175.0,1.0,150.0,2.0,199.0,1.0,148.0,1.0,259.0,1.0,125.0,1.0,,,52.0,1.0,,,48.0,3.0,,,,,,,,,,
54,Germany_Baseload#19#0#10000106,2021-10-06 06:21:54.968000,165.0,2.0,170.0,1.0,164.0,2.0,171.0,1.0,152.0,1.0,175.0,1.0,150.0,2.0,199.0,1.0,148.0,1.0,,,125.0,1.0,,,52.0,1.0,,,48.0,3.0,,,,,,,,,,
55,Germany_Baseload#19#0#10000106,2021-10-06 06:22:09.362000,165.0,3.0,170.0,1.0,164.0,2.0,171.0,1.0,152.0,1.0,175.0,1.0,150.0,2.0,199.0,1.0,148.0,1.0,,,125.0,1.0,,,52.0,1.0,,,48.0,3.0,,,,,,,,,,
56,Germany_Baseload#19#0#10000106,2021-10-06 06:22:57.029000,165.0,3.0,170.0,1.0,164.0,2.0,171.0,1.0,152.0,1.0,175.0,1.0,150.0,2.0,,,148.0,1.0,,,125.0,1.0,,,52.0,1.0,,,48.0,3.0,,,,,,,,,,
57,Germany_Baseload#19#0#10000106,2021-10-06 06:22:57.112000,165.0,3.0,170.0,1.0,164.0,2.0,171.0,1.0,152.0,1.0,175.0,1.0,150.0,2.0,177.0,1.0,148.0,1.0,,,125.0,1.0,,,52.0,1.0,,,48.0,3.0,,,,,,,,,,
58,Germany_Baseload#19#0#10000106,2021-10-06 06:23:12.316000,165.0,3.0,168.0,1.0,164.0,2.0,171.0,1.0,152.0,1.0,175.0,1.0,150.0,2.0,177.0,1.0,148.0,1.0,,,125.0,1.0,,,52.0,1.0,,,48.0,3.0,,,,,,,,,,
59,Germany_Baseload#19#0#10000106,2021-10-06 06:23:22.319000,165.0,3.0,167.0,1.0,164.0,2.0,171.0,1.0,152.0,1.0,175.0,1.0,150.0,2.0,177.0,1.0,148.0,1.0,,,125.0,1.0,,,52.0,1.0,,,48.0,3.0,,,,,,,,,,
60,Germany_Baseload#19#0#10000106,2021-10-06 06:23:23.243000,165.0,2.0,167.0,1.0,164.0,2.0,171.0,1.0,152.0,1.0,175.0,1.0,150.0,2.0,177.0,1.0,148.0,1.0,,,125.0,1.0,,,52.0,1.0,,,48.0,3.0,,,,,,,,,,
61,Germany_Baseload#19#0#10000106,2021-10-06 06:23:25.251000,165.0,2.0,171.0,1.0,164.0,2.0,175.0,1.0,152.0,1.0,177.0,1.0,150.0,2.0,,,148.0,1.0,,,125.0,1.0,,,52.0,1.0,,,48.0,3.0,,,,,,,,,,
62,Germany_Baseload#19#0#10000106,2021-10-06 06:23:36.039000,165.0,2.0,169.0,1.0,164.0,2.0,171.0,1.0,152.0,1.0,175.0,1.0,150.0,2.0,177.0,1.0,148.0,1.0,,,125.0,1.0,,,52.0,1.0,,,48.0,3.0,,,,,,,,,,
63,Germany_Baseload#19#0#10000106,2021-10-06 06:23:52.781000,165.0,2.0,169.0,1.0,164.0,2.0,171.0,1.0,160.8,1.0,175.0,1.0,152.0,1.0,177.0,1.0,150.0,2.0,,,148.0,1.0,,,125.0,1.0,,,52.0,1.0,,,48.0,3.0,,,,,,
64,Germany_Baseload#19#0#10000106,2021-10-06 06:23:59.322000,165.0,2.0,169.0,1.0,164.0,2.0,171.0,1.0,160.8,1.0,175.0,1.0,152.0,1.0,177.0,1.0,150.0,2.0,200.0,1.0,148.0,1.0,,,125.0,1.0,,,52.0,1.0,,,48.0,3.0,,,,,,
65,Germany_Baseload#19#0#10000106,2021-10-06 06:24:10.137000,165.0,2.0,168.0,1.0,164.0,2.0,171.0,1.0,160.8,1.0,175.0,1.0,152.0,1.0,177.0,1.0,150.0,2.0,200.0,1.0,148.0,1.0,,,125.0,1.0,,,52.0,1.0,,,48.0,3.0,,,,,,
66,Germany_Baseload#19#0#10000106,2021-10-06 06:24:16.743000,165.0,2.0,168.0,1.0,164.0,2.0,170.0,1.0,160.8,1.0,171.0,1.0,152.0,1.0,175.0,1.0,150.0,2.0,177.0,1.0,148.0,1.0,200.0,1.0,125.0,1.0,,,52.0,1.0,,,48.0,3.0,,,,,,
67,Germany_Baseload#19#0#10000106,2021-10-06 06:24:19.992000,165.0,2.0,168.0,1.0,164.0,2.0,170.0,1.0,160.8,1.0,171.0,1.0,152.0,1.0,177.0,1.0,150.0,2.0,200.0,1.0,148.0,1.0,,,125.0,1.0,,,52.0,1.0,,,48.0,3.0,,,,,,
68,Germany_Baseload#19#0#10000106,2021-10-06 06:24:30.752000,165.0,2.0,168.0,1.0,164.0,2.0,170.0,1.0,160.8,1.0,171.0,1.0,152.0,1.0,177.0,1.0,150.0,2.0,200.0,1.0,148.0,1.0,,,125.0,1.0,,,52.0,1.0,,,48.0,3.0,,,,,,
69,Germany_Baseload#19#0#10000106,2021-10-06 06:24:31.269000,165.0,2.0,168.0,1.0,164.0,2.0,170.0,1.0,160.8,1.0,171.0,1.0,152.0,1.0,177.0,1.0,150.0,2.0,200.0,1.0,148.0,1.0,,,125.0,1.0,,,52.0,1.0,,,48.0,3.0,,,,,,
70,Germany_Baseload#19#0#10000106,2021-10-06 06:25:08.082000,165.0,2.0,168.0,1.0,164.0,1.0,170.0,1.0,160.8,1.0,171.0,1.0,152.0,1.0,177.0,1.0,150.0,2.0,200.0,1.0,148.0,1.0,,,125.0,1.0,,,52.0,1.0,,,48.0,3.0,,,,,,
71,Germany_Baseload#19#0#10000106,2021-10-06 06:25:14.723000,165.0,2.0,167.0,1.0,164.0,1.0,170.0,1.0,160.8,1.0,171.0,1.0,152.0,1.0,177.0,1.0,150.0,2.0,200.0,1.0,148.0,1.0,,,125.0,1.0,,,52.0,1.0,,,48.0,3.0,,,,,,
72,Germany_Baseload#19#0#10000106,2021-10-06 06:25:21.308000,165.0,2.0,170.0,1.0,164.0,1.0,171.0,1.0,160.8,1.0,177.0,1.0,152.0,1.0,200.0,1.0,150.0,2.0,,,148.0,1.0,,,125.0,1.0,,,52.0,1.0,,,48.0,3.0,,,,,,
73,Germany_Baseload#19#0#10000106,2021-10-06 06:25:21.357000,165.0,2.0,168.0,1.0,164.0,1.0,170.0,1.0,160.8,1.0,171.0,1.0,152.0,1.0,177.0,1.0,150.0,2.0,200.0,1.0,148.0,1.0,,,125.0,1.0,,,52.0,1.0,,,48.0,3.0,,,,,,
74,Germany_Baseload#19#0#10000106,2021-10-06 06:25:38.835000,165.0,1.0,168.0,1.0,164.0,1.0,170.0,1.0,160.8,1.0,171.0,1.0,152.0,1.0,177.0,1.0,150.0,2.0,200.0,1.0,148.0,1.0,,,125.0,1.0,,,52.0,1.0,,,48.0,3.0,,,,,,
75,Germany_Baseload#19#0#10000106,2021-10-06 06:25:40.252000,165.0,1.0,167.0,1.0,164.0,1.0,168.0,1.0,160.8,1.0,170.0,1.0,152.0,1.0,171.0,1.0,150.0,2.0,177.0,1.0,148.0,1.0,200.0,1.0,125.0,1.0,,,52.0,1.0,,,48.0,3.0,,,,,,
76,Germany_Baseload#19#0#10000106,2021-10-06 06:25:46.390000,165.0,1.0,168.0,1.0,164.0,1.0,170.0,1.0,160.8,1.0,171.0,1.0,152.0,1.0,177.0,1.0,150.0,2.0,200.0,1.0,148.0,1.0,,,125.0,1.0,,,52.0,1.0,,,48.0,3.0,,,,,,
77,Germany_Baseload#19#0#10000106,2021-10-06 06:26:14.938000,165.0,1.0,168.0,1.0,164.0,1.0,170.0,1.0,160.8,1.0,171.0,1.0,152.0,1.0,177.0,1.0,150.0,2.0,200.0,1.0,148.0,1.0,,,125.0,1.0,,,52.0,1.0,,,48.0,3.0,,,,,,
78,Germany_Baseload#19#0#10000106,2021-10-06 06:26:42.974000,165.0,1.0,168.0,2.0,164.0,1.0,170.0,1.0,160.8,1.0,171.0,1.0,152.0,1.0,177.0,1.0,150.0,2.0,200.0,1.0,148.0,1.0,,,125.0,1.0,,,52.0,1.0,,,48.0,3.0,,,,,,
79,Germany_Baseload#19#0#10000106,2021-10-06 06:26:57.389000,165.1,1.0,168.0,2.0,165.0,1.0,170.0,1.0,164.0,1.0,171.0,1.0,160.8,1.0,177.0,1.0,152.0,1.0,200.0,1.0,150.0,2.0,,,148.0,1.0,,,125.0,1.0,,,52.0,1.0,,,48.0,3.0,,
80,Germany_Baseload#19#0#10000106,2021-10-06 06:27:24.889000,165.1,1.0,167.5,1.0,165.0,1.0,168.0,2.0,164.0,1.0,170.0,1.0,160.8,1.0,171.0,1.0,152.0,1.0,177.0,1.0,150.0,2.0,200.0,1.0,148.0,1.0,,,125.0,1.0,,,52.0,1.0,,,48.0,3.0,,
81,Germany_Baseload#19#0#10000106,2021-10-06 06:27:28.820000,165.1,1.0,167.5,1.0,165.0,1.0,168.0,2.0,164.0,1.0,170.0,1.0,160.8,1.0,171.0,1.0,152.0,1.0,177.0,1.0,150.0,2.0,200.0,1.0,148.0,1.0,,,125.0,1.0,,,52.0,1.0,,,48.0,3.0,,
82,Germany_Baseload#19#0#10000106,2021-10-06 06:27:28.903000,165.1,1.0,167.0,1.0,165.0,1.0,167.5,1.0,164.0,1.0,168.0,1.0,160.8,1.0,170.0,1.0,152.0,1.0,171.0,1.0,150.0,2.0,177.0,1.0,148.0,1.0,200.0,1.0,125.0,1.0,,,52.0,1.0,,,48.0,3.0,,
83,Germany_Baseload#19#0#10000106,2021-10-06 06:27:38.512000,165.25,1.0,167.0,1.0,165.1,1.0,167.5,1.0,165.0,1.0,168.0,1.0,164.0,2.0,170.0,1.0,160.8,1.0,171.0,1.0,152.0,1.0,177.0,1.0,150.0,2.0,200.0,1.0,148.0,1.0,,,125.0,1.0,,,52.0,1.0,,
84,Germany_Baseload#19#0#10000106,2021-10-06 06:27:47.159000,166.5,1.0,167.0,1.0,165.25,1.0,167.5,1.0,165.1,1.0,168.0,1.0,165.0,1.0,170.0,1.0,164.0,2.0,171.0,1.0,160.8,1.0,177.0,1.0,152.0,1.0,200.0,1.0,150.0,2.0,,,148.0,1.0,,,125.0,1.0,,
85,Germany_Baseload#19#0#10000106,2021-10-06 06:27:50.627000,166.5,1.0,167.5,1.0,165.25,1.0,168.0,1.0,165.1,1.0,170.0,1.0,165.0,1.0,171.0,1.0,164.0,2.0,177.0,1.0,160.8,1.0,200.0,1.0,152.0,1.0,,,150.0,2.0,,,148.0,1.0,,,125.0,1.0,,
86,Germany_Baseload#19#0#10000106,2021-10-06 06:27:55.594000,166.5,1.0,167.5,1.0,165.1,1.0,168.0,1.0,165.0,1.0,170.0,1.0,164.0,2.0,171.0,1.0,160.8,1.0,177.0,1.0,152.0,1.0,200.0,1.0,150.0,2.0,,,148.0,1.0,,,125.0,1.0,,,52.0,1.0,,
87,Germany_Baseload#19#0#10000106,2021-10-06 06:29:10.758000,166.5,1.0,168.0,1.0,165.1,1.0,170.0,1.0,165.0,1.0,171.0,1.0,164.0,2.0,177.0,1.0,160.8,1.0,200.0,1.0,152.0,1.0,,,150.0,2.0,,,148.0,1.0,,,125.0,1.0,,,52.0,1.0,,
88,Germany_Baseload#19#0#10000106,2021-10-06 06:29:17.049000,166.5,1.0,170.0,1.0,165.1,1.0,171.0,1.0,165.0,1.0,177.0,1.0,164.0,2.0,200.0,1.0,160.8,1.0,,,152.0,1.0,,,150.0,2.0,,,148.0,1.0,,,125.0,1.0,,,52.0,1.0,,
89,Germany_Baseload#19#0#10000106,2021-10-06 06:29:17.058000,166.5,1.0,168.0,1.0,165.1,1.0,170.0,1.0,165.0,1.0,171.0,1.0,164.0,2.0,177.0,1.0,160.8,1.0,200.0,1.0,152.0,1.0,,,150.0,2.0,,,148.0,1.0,,,125.0,1.0,,,52.0,1.0,,
90,Germany_Baseload#19#0#10000106,2021-10-06 06:29:23.003000,167.5,1.0,168.0,1.0,166.5,1.0,170.0,1.0,165.1,1.0,171.0,1.0,165.0,1.0,177.0,1.0,164.0,2.0,200.0,1.0,160.8,1.0,,,152.0,1.0,,,150.0,2.0,,,148.0,1.0,,,125.0,1.0,,
91,Germany_Baseload#19#0#10000106,2021-10-06 06:29:28.583000,167.5,1.0,168.0,2.0,166.5,1.0,170.0,1.0,165.1,1.0,171.0,1.0,165.0,1.0,177.0,1.0,164.0,2.0,200.0,1.0,160.8,1.0,,,152.0,1.0,,,150.0,2.0,,,148.0,1.0,,,125.0,1.0,,
92,Germany_Baseload#19#0#10000106,2021-10-06 06:29:29.328000,167.5,1.0,168.0,1.0,166.5,1.0,170.0,1.0,165.1,1.0,171.0,1.0,165.0,1.0,177.0,1.0,164.0,2.0,200.0,1.0,160.8,1.0,,,152.0,1.0,,,150.0,2.0,,,148.0,1.0,,,125.0,1.0,,
93,Germany_Baseload#19#0#10000106,2021-10-06 06:29:32.689000,167.5,1.0,170.0,1.0,166.5,1.0,171.0,1.0,165.1,1.0,177.0,1.0,165.0,1.0,200.0,1.0,164.0,2.0,,,160.8,1.0,,,152.0,1.0,,,150.0,2.0,,,148.0,1.0,,,125.0,1.0,,
94,Germany_Baseload#19#0#10000106,2021-10-06 06:29:38.538000,167.5,1.0,171.0,1.0,166.5,1.0,177.0,1.0,165.1,1.0,200.0,1.0,165.0,1.0,,,164.0,2.0,,,160.8,1.0,,,152.0,1.0,,,150.0,2.0,,,148.0,1.0,,,125.0,1.0,,
95,Germany_Baseload#19#0#10000106,2021-10-06 06:29:41.349000,166.5,1.0,171.0,1.0,165.1,1.0,177.0,1.0,165.0,1.0,200.0,1.0,164.0,2.0,,,160.8,1.0,,,152.0,1.0,,,150.0,2.0,,,148.0,1.0,,,125.0,1.0,,,52.0,1.0,,
96,Germany_Baseload#19#0#10000106,2021-10-06 06:29:46.539000,166.5,1.0,171.0,1.0,165.1,1.0,177.0,1.0,164.0,2.0,200.0,1.0,160.8,1.0,,,152.0,1.0,,,150.0,2.0,,,148.0,1.0,,,125.0,1.0,,,52.0,1.0,,,48.0,3.0,,
97,Germany_Baseload#19#0#10000106,2021-10-06 06:29:56.086000,166.5,1.0,169.0,1.0,165.1,1.0,171.0,1.0,164.0,2.0,177.0,1.0,160.8,1.0,200.0,1.0,152.0,1.0,,,150.0,2.0,,,148.0,1.0,,,125.0,1.0,,,52.0,1.0,,,48.0,3.0,,
98,Germany_Baseload#19#0#10000106,2021-10-06 06:29:56.448000,167.0,1.0,169.0,1.0,166.5,1.0,171.0,1.0,165.1,1.0,177.0,1.0,164.0,2.0,200.0,1.0,160.8,1.0,,,152.0,1.0,,,150.0,2.0,,,148.0,1.0,,,125.0,1.0,,,52.0,1.0,,
99,Germany_Baseload#19#0#10000106,2021-10-06 06:30:05.480000,167.0,1.0,169.0,1.0,166.5,1.0,170.25,1.0,165.1,1.0,171.0,1.0,164.0,2.0,177.0,1.0,160.8,1.0,200.0,1.0,152.0,1.0,,,150.0,2.0,,,148.0,1.0,,,125.0,1.0,,,52.0,1.0,,
100,Germany_Baseload#19#0#10000106,2021-10-06 06:30:09.343000,167.0,1.0,169.0,1.0,166.5,1.0,170.25,1.0,165.0,1.0,171.0,1.0,164.0,2.0,177.0,1.0,160.8,1.0,200.0,1.0,152.0,1.0,,,150.0,2.0,,,148.0,1.0,,,125.0,1.0,,,52.0,1.0,,
101,Germany_Baseload#19#0#10000106,2021-10-06 06:30:11.344000,167.0,1.0,168.0,1.0,166.5,1.0,170.25,1.0,165.0,1.0,171.0,1.0,164.0,2.0,177.0,1.0,160.8,1.0,200.0,1.0,152.0,1.0,,,150.0,2.0,,,148.0,1.0,,,125.0,1.0,,,52.0,1.0,,
102,Germany_Baseload#19#0#10000106,2021-10-06 06:30:14.171000,167.0,1.0,170.25,1.0,166.5,1.0,171.0,1.0,165.0,1.0,177.0,1.0,164.0,2.0,200.0,1.0,160.8,1.0,,,152.0,1.0,,,150.0,2.0,,,148.0,1.0,,,125.0,1.0,,,52.0,1.0,,
103,Germany_Baseload#19#0#10000106,2021-10-06 06:30:19.619000,167.0,1.0,169.0,1.0,166.5,1.0,170.25,1.0,165.0,1.0,171.0,1.0,164.0,2.0,177.0,1.0,160.8,1.0,200.0,1.0,152.0,1.0,,,150.0,2.0,,,148.0,1.0,,,125.0,1.0,,,52.0,1.0,,
104,Germany_Baseload#19#0#10000106,2021-10-06 06:31:02.417000,167.0,1.0,169.0,1.0,166.5,1.0,170.25,1.0,165.0,1.0,171.0,1.0,164.0,2.0,177.0,1.0,160.8,1.0,200.0,1.0,152.0,1.0,,,150.0,2.0,,,148.0,1.0,,,125.0,1.0,,,52.0,1.0,,
105,Germany_Baseload#19#0#10000106,2021-10-06 06:31:08.177000,167.0,1.0,169.0,1.0,166.5,1.0,170.25,1.0,165.0,1.0,171.0,1.0,164.0,2.0,177.0,1.0,152.0,1.0,200.0,1.0,150.0,2.0,,,148.0,1.0,,,125.0,1.0,,,52.0,1.0,,,48.0,3.0,,
106,Germany_Baseload#19#0#10000106,2021-10-06 06:31:15.545000,167.0,1.0,169.0,1.0,165.0,1.0,170.25,1.0,164.0,2.0,171.0,1.0,152.0,1.0,177.0,1.0,150.0,2.0,200.0,1.0,148.0,1.0,,,125.0,1.0,,,52.0,1.0,,,48.0,3.0,,,,,,
107,Germany_Baseload#19#0#10000106,2021-10-06 06:31:23.925000,167.0,1.0,169.0,1.0,165.0,1.0,171.0,1.0,164.0,2.0,177.0,1.0,152.0,1.0,200.0,1.0,150.0,2.0,,,148.0,1.0,,,125.0,1.0,,,52.0,1.0,,,48.0,3.0,,,,,,
108,Germany_Baseload#19#0#10000106,2021-10-06 06:31:30.242000,167.0,1.0,169.0,1.0,165.0,1.0,171.0,1.0,164.0,2.0,177.0,1.0,150.0,2.0,200.0,1.0,148.0,1.0,,,125.0,1.0,,,52.0,1.0,,,48.0,3.0,,,,,,,,,,
109,Germany_Baseload#19#0#10000106,2021-10-06 06:31:45.234000,167.0,1.0,170.0,1.0,165.0,1.0,171.0,1.0,164.0,2.0,177.0,1.0,150.0,2.0,200.0,1.0,148.0,1.0,,,125.0,1.0,,,52.0,1.0,,,48.0,3.0,,,,,,,,,,
110,Germany_Baseload#19#0#10000106,2021-10-06 06:31:56.359000,168.0,2.0,170.0,1.0,167.0,1.0,171.0,1.0,165.0,1.0,177.0,1.0,164.0,2.0,200.0,1.0,150.0,2.0,,,148.0,1.0,,,125.0,1.0,,,52.0,1.0,,,48.0,3.0,,,,,,
111,Germany_Baseload#19#0#10000106,2021-10-06 06:32:22.809000,168.5,1.0,170.0,1.0,168.0,2.0,171.0,1.0,167.0,1.0,177.0,1.0,165.0,1.0,200.0,1.0,164.0,2.0,,,150.0,2.0,,,148.0,1.0,,,125.0,1.0,,,52.0,1.0,,,48.0,3.0,,
112,Germany_Baseload#19#0#10000106,2021-10-06 06:32:36.987000,168.5,1.0,171.0,1.0,168.0,2.0,172.0,1.0,167.0,1.0,177.0,1.0,165.0,1.0,200.0,1.0,164.0,2.0,,,150.0,2.0,,,148.0,1.0,,,125.0,1.0,,,52.0,1.0,,,48.0,3.0,,
113,Germany_Baseload#19#0#10000106,2021-10-06 06:33:03.527000,169.0,1.0,171.0,1.0,168.5,1.0,172.0,1.0,168.0,2.0,177.0,1.0,167.0,1.0,200.0,1.0,165.0,1.0,,,164.0,2.0,,,150.0,2.0,,,148.0,1.0,,,125.0,1.0,,,52.0,1.0,,
114,Germany_Baseload#19#0#10000106,2021-10-06 06:33:08.037000,169.0,1.0,171.0,1.0,168.5,1.0,172.0,1.0,168.0,2.0,177.0,1.0,167.0,1.0,200.0,1.0,165.0,1.0,,,164.0,2.0,,,150.0,2.0,,,148.0,1.0,,,125.0,1.0,,,52.0,1.0,,
115,Germany_Baseload#19#0#10000106,2021-10-06 06:33:08.125000,169.0,1.0,171.0,2.0,168.5,1.0,172.0,1.0,168.0,2.0,177.0,1.0,167.0,1.0,200.0,1.0,165.0,1.0,,,164.0,2.0,,,150.0,2.0,,,148.0,1.0,,,125.0,1.0,,,52.0,1.0,,
116,Germany_Baseload#19#0#10000106,2021-10-06 06:33:12.737000,170.0,2.0,171.0,2.0,169.0,1.0,172.0,1.0,168.5,1.0,177.0,1.0,167.0,1.0,200.0,1.0,165.0,1.0,,,164.0,2.0,,,150.0,2.0,,,148.0,1.0,,,125.0,1.0,,,52.0,1.0,,
117,Germany_Baseload#19#0#10000106,2021-10-06 06:33:12.841000,170.0,2.0,171.0,1.0,169.0,1.0,172.0,1.0,168.5,1.0,177.0,1.0,167.0,1.0,200.0,1.0,165.0,1.0,,,164.0,2.0,,,150.0,2.0,,,148.0,1.0,,,125.0,1.0,,,52.0,1.0,,
118,Germany_Baseload#19#0#10000106,2021-10-06 06:33:17.003000,170.0,2.0,171.0,1.0,168.5,1.0,172.0,1.0,167.0,1.0,177.0,1.0,165.0,1.0,200.0,1.0,164.0,2.0,,,150.0,2.0,,,148.0,1.0,,,125.0,1.0,,,52.0,1.0,,,48.0,3.0,,
119,Germany_Baseload#19#0#10000106,2021-10-06 06:33:31.577000,170.0,2.0,171.0,1.0,168.5,1.0,172.0,1.0,167.0,1.0,175.0,1.0,165.0,1.0,177.0,1.0,164.0,2.0,200.0,1.0,150.0,2.0,,,148.0,1.0,,,125.0,1.0,,,52.0,1.0,,,48.0,3.0,,
120,Germany_Baseload#19#0#10000106,2021-10-06 06:34:03.058000,170.0,2.0,170.0,1.0,168.5,1.0,171.0,1.0,167.0,1.0,172.0,1.0,165.0,1.0,175.0,1.0,164.0,2.0,177.0,1.0,150.0,2.0,200.0,1.0,148.0,1.0,,,125.0,1.0,,,52.0,1.0,,,48.0,3.0,,
121,Germany_Baseload#19#0#10000106,2021-10-06 06:34:04.427000,168.5,1.0,170.0,1.0,167.0,1.0,171.0,1.0,165.0,1.0,172.0,1.0,164.0,2.0,175.0,1.0,150.0,2.0,177.0,1.0,148.0,1.0,200.0,1.0,125.0,1.0,,,52.0,1.0,,,48.0,3.0,,,,,,
122,Germany_Baseload#19#0#10000106,2021-10-06 06:34:16.940000,168.5,1.0,169.5,1.0,167.0,1.0,170.0,1.0,165.0,1.0,171.0,1.0,164.0,2.0,175.0,1.0,150.0,2.0,177.0,1.0,148.0,1.0,200.0,1.0,125.0,1.0,,,52.0,1.0,,,48.0,3.0,,,,,,
123,Germany_Baseload#19#0#10000106,2021-10-06 06:34:35.283000,168.5,1.0,169.5,1.0,167.0,1.0,170.0,1.0,165.0,1.0,171.0,1.0,164.0,2.0,175.0,1.0,150.0,2.0,177.0,1.0,148.0,1.0,200.0,1.0,125.0,1.0,,,52.0,1.0,,,48.0,3.0,,,,,,
124,Germany_Baseload#19#0#10000106,2021-10-06 06:34:35.398000,167.0,1.0,169.5,1.0,165.0,1.0,170.0,1.0,164.0,2.0,171.0,1.0,150.0,2.0,175.0,1.0,148.0,1.0,177.0,1.0,125.0,1.0,200.0,1.0,52.0,1.0,,,48.0,3.0,,,,,,,,,,
125,Germany_Baseload#19#0#10000106,2021-10-06 06:34:50.254000,165.0,1.0,169.5,1.0,164.0,2.0,170.0,1.0,150.0,2.0,171.0,1.0,148.0,1.0,175.0,1.0,125.0,1.0,177.0,1.0,52.0,1.0,200.0,1.0,48.0,3.0,,,,,,,,,,,,,,
126,Germany_Baseload#19#0#10000106,2021-10-06 06:34:51.693000,165.0,1.0,169.5,1.0,164.0,2.0,170.0,1.0,150.0,2.0,175.0,1.0,148.0,1.0,177.0,1.0,125.0,1.0,200.0,1.0,52.0,1.0,,,48.0,3.0,,,,,,,,,,,,,,
127,Germany_Baseload#19#0#10000106,2021-10-06 06:35:09.465000,165.0,1.0,169.0,1.0,164.0,2.0,169.5,1.0,150.0,2.0,170.0,1.0,148.0,1.0,175.0,1.0,125.0,1.0,177.0,1.0,52.0,1.0,200.0,1.0,48.0,3.0,,,,,,,,,,,,,,
128,Germany_Baseload#19#0#10000106,2021-10-06 06:35:09.565000,165.0,1.0,169.0,2.0,164.0,2.0,169.5,1.0,150.0,2.0,170.0,1.0,148.0,1.0,175.0,1.0,125.0,1.0,177.0,1.0,52.0,1.0,200.0,1.0,48.0,3.0,,,,,,,,,,,,,,
129,Germany_Baseload#19#0#10000106,2021-10-06 06:35:15.933000,165.0,1.0,169.0,2.0,164.0,2.0,169.5,1.0,150.0,2.0,170.0,1.0,148.0,1.0,177.0,1.0,125.0,1.0,200.0,1.0,52.0,1.0,,,48.0,3.0,,,,,,,,,,,,,,
130,Germany_Baseload#19#0#10000106,2021-10-06 06:35:37.014000,165.0,1.0,169.0,1.0,164.0,2.0,169.5,1.0,150.0,2.0,170.0,1.0,148.0,1.0,177.0,1.0,125.0,1.0,200.0,1.0,52.0,1.0,,,48.0,3.0,,,,,,,,,,,,,,
131,Germany_Baseload#19#0#10000106,2021-10-06 06:37:02.032000,166.0,1.0,169.0,1.0,165.0,1.0,169.5,1.0,164.0,2.0,170.0,1.0,150.0,2.0,177.0,1.0,148.0,1.0,200.0,1.0,125.0,1.0,,,52.0,1.0,,,48.0,3.0,,,,,,,,,,
132,Germany_Baseload#19#0#10000106,2021-10-06 06:37:11.467000,166.0,1.0,168.5,1.0,165.0,1.0,169.0,1.0,164.0,2.0,169.5,1.0,150.0,2.0,170.0,1.0,148.0,1.0,177.0,1.0,125.0,1.0,200.0,1.0,52.0,1.0,,,48.0,3.0,,,,,,,,,,
133,Germany_Baseload#19#0#10000106,2021-10-06 06:37:11.569000,166.0,1.0,168.5,2.0,165.0,1.0,169.5,1.0,164.0,2.0,170.0,1.0,150.0,2.0,177.0,1.0,148.0,1.0,200.0,1.0,125.0,1.0,,,52.0,1.0,,,48.0,3.0,,,,,,,,,,
134,Germany_Baseload#19#0#10000106,2021-10-06 06:37:57.054000,166.0,1.0,168.0,1.0,165.0,1.0,168.5,2.0,164.0,2.0,169.5,1.0,150.0,2.0,170.0,1.0,148.0,1.0,177.0,1.0,125.0,1.0,200.0,1.0,52.0,1.0,,,48.0,3.0,,,,,,,,,,
135,Germany_Baseload#19#0#10000106,2021-10-06 06:38:49.751000,166.0,1.0,168.0,1.0,165.0,1.0,168.5,2.0,164.0,1.0,169.5,1.0,150.0,2.0,170.0,1.0,148.0,1.0,177.0,1.0,125.0,1.0,200.0,1.0,52.0,1.0,,,48.0,3.0,,,,,,,,,,
136,Germany_Baseload#19#0#10000106,2021-10-06 06:39:18.578000,166.0,2.0,168.0,1.0,165.0,1.0,168.5,2.0,164.0,1.0,169.5,1.0,150.0,2.0,170.0,1.0,148.0,1.0,177.0,1.0,125.0,1.0,200.0,1.0,52.0,1.0,,,48.0,3.0,,,,,,,,,,
137,Germany_Baseload#19#0#10000106,2021-10-06 06:39:23.324000,166.0,2.0,168.0,4.0,165.0,1.0,168.5,2.0,164.0,1.0,169.5,1.0,150.0,2.0,170.0,1.0,148.0,1.0,177.0,1.0,125.0,1.0,200.0,1.0,52.0,1.0,,,48.0,3.0,,,,,,,,,,
138,Germany_Baseload#19#0#10000106,2021-10-06 06:39:23.431000,166.0,2.0,167.99,1.0,165.0,1.0,168.0,4.0,164.0,1.0,168.5,2.0,150.0,2.0,169.5,1.0,148.0,1.0,170.0,1.0,125.0,1.0,177.0,1.0,52.0,1.0,200.0,1.0,48.0,3.0,,,,,,,,,,
139,Germany_Baseload#19#0#10000106,2021-10-06 06:39:23.432000,166.0,2.0,167.99,1.0,165.0,1.0,168.0,4.0,164.0,1.0,168.5,1.0,150.0,2.0,169.5,1.0,148.0,1.0,170.0,1.0,125.0,1.0,177.0,1.0,52.0,1.0,200.0,1.0,48.0,3.0,,,,,,,,,,
140,Germany_Baseload#19#0#10000106,2021-10-06 06:39:27.989000,166.0,2.0,167.79,3.0,165.0,1.0,167.99,1.0,164.0,1.0,168.0,1.0,150.0,2.0,168.5,1.0,148.0,1.0,169.5,1.0,125.0,1.0,170.0,1.0,52.0,1.0,177.0,1.0,48.0,3.0,200.0,1.0,,,,,,,,
141,Germany_Baseload#19#0#10000106,2021-10-06 06:39:28.090000,166.0,2.0,167.78,1.0,165.0,1.0,167.79,3.0,164.0,1.0,168.0,1.0,150.0,2.0,168.5,1.0,148.0,1.0,169.5,1.0,125.0,1.0,170.0,1.0,52.0,1.0,177.0,1.0,48.0,3.0,200.0,1.0,,,,,,,,
142,Germany_Baseload#19#0#10000106,2021-10-06 06:39:29.301000,166.0,2.0,167.78,1.0,164.0,1.0,167.79,3.0,150.0,2.0,168.0,1.0,148.0,1.0,168.5,1.0,125.0,1.0,169.5,1.0,52.0,1.0,170.0,1.0,48.0,3.0,177.0,1.0,,,200.0,1.0,,,,,,,,
143,Germany_Baseload#19#0#10000106,2021-10-06 06:39:32.492000,164.0,1.0,167.78,1.0,150.0,2.0,167.79,3.0,148.0,1.0,168.0,1.0,125.0,1.0,168.5,1.0,52.0,1.0,169.5,1.0,48.0,3.0,170.0,1.0,,,177.0,1.0,,,200.0,1.0,,,,,,,,
144,Germany_Baseload#19#0#10000106,2021-10-06 06:39:36.304000,164.0,1.0,167.78,1.0,150.0,2.0,167.79,3.0,148.0,1.0,168.5,1.0,125.0,1.0,169.5,1.0,52.0,1.0,170.0,1.0,48.0,3.0,177.0,1.0,,,200.0,1.0,,,,,,,,,,,,
145,Germany_Baseload#19#0#10000106,2021-10-06 06:39:39.080000,164.0,1.0,167.75,1.0,150.0,2.0,167.78,1.0,148.0,1.0,167.79,3.0,125.0,1.0,168.5,1.0,52.0,1.0,169.5,1.0,48.0,3.0,170.0,1.0,,,177.0,1.0,,,200.0,1.0,,,,,,,,
146,Germany_Baseload#19#0#10000106,2021-10-06 06:39:43.484000,150.0,2.0,167.75,1.0,148.0,1.0,167.78,1.0,125.0,1.0,167.79,3.0,52.0,1.0,168.5,1.0,48.0,3.0,169.5,1.0,,,170.0,1.0,,,177.0,1.0,,,200.0,1.0,,,,,,,,
147,Germany_Baseload#19#0#10000106,2021-10-06 06:39:54.729000,164.0,1.0,167.75,1.0,150.0,2.0,167.78,1.0,148.0,1.0,167.79,3.0,125.0,1.0,168.5,1.0,52.0,1.0,169.5,1.0,48.0,3.0,170.0,1.0,,,177.0,1.0,,,200.0,1.0,,,,,,,,
148,Germany_Baseload#19#0#10000106,2021-10-06 06:39:54.922000,164.0,1.0,167.75,1.0,150.0,2.0,167.78,1.0,148.0,1.0,167.79,3.0,125.0,1.0,168.5,1.0,52.0,1.0,169.5,1.0,48.0,3.0,170.0,2.0,,,177.0,1.0,,,200.0,1.0,,,,,,,,
149,Germany_Baseload#19#0#10000106,2021-10-06 06:39:55.660000,164.0,1.0,167.75,1.0,150.0,2.0,167.78,1.0,148.0,1.0,167.79,3.0,125.0,1.0,168.5,1.0,52.0,1.0,169.5,1.0,48.0,3.0,170.0,2.0,,,177.0,1.0,,,200.0,1.0,,,,,,,,
150,Germany_Baseload#19#0#10000106,2021-10-06 06:40:00.268000,165.0,3.0,167.75,1.0,164.0,1.0,167.78,1.0,150.0,2.0,167.79,3.0,148.0,1.0,168.5,1.0,125.0,1.0,169.5,1.0,52.0,1.0,170.0,2.0,48.0,3.0,177.0,1.0,,,200.0,1.0,,,,,,,,
151,Germany_Baseload#19#0#10000106,2021-10-06 06:40:22.974000,165.0,3.0,167.75,1.0,163.0,1.0,167.78,1.0,150.0,2.0,167.79,3.0,148.0,1.0,168.5,1.0,125.0,1.0,169.5,1.0,52.0,1.0,170.0,2.0,48.0,3.0,177.0,1.0,,,200.0,1.0,,,,,,,,
152,Germany_Baseload#19#0#10000106,2021-10-06 06:40:24.407000,165.0,3.0,167.75,1.0,163.0,1.0,167.78,1.0,150.0,2.0,167.79,3.0,148.0,1.0,168.5,1.0,125.0,1.0,169.5,1.0,52.0,1.0,170.0,2.0,48.0,3.0,177.0,1.0,,,200.0,1.0,,,,,,,,
153,Germany_Baseload#19#0#10000106,2021-10-06 06:40:32.484000,165.0,1.0,167.75,1.0,163.0,1.0,167.78,1.0,150.0,2.0,167.79,3.0,148.0,1.0,168.5,1.0,125.0,1.0,169.5,1.0,52.0,1.0,170.0,2.0,48.0,3.0,177.0,1.0,,,200.0,1.0,,,,,,,,
154,Germany_Baseload#19#0#10000106,2021-10-06 06:40:38.404000,165.0,5.0,167.75,1.0,150.0,2.0,167.78,1.0,148.0,1.0,167.79,3.0,125.0,1.0,168.5,1.0,52.0,1.0,169.5,1.0,48.0,3.0,170.0,2.0,,,177.0,1.0,,,200.0,1.0,,,,,,,,
155,Germany_Baseload#19#0#10000106,2021-10-06 06:40:38.567000,165.0,2.0,167.75,1.0,150.0,2.0,167.78,1.0,148.0,1.0,167.79,3.0,125.0,1.0,168.5,1.0,52.0,1.0,169.5,1.0,48.0,3.0,170.0,2.0,,,177.0,1.0,,,200.0,1.0,,,,,,,,
156,Germany_Baseload#19#0#10000106,2021-10-06 06:40:38.607000,150.0,2.0,167.75,1.0,148.0,1.0,167.78,1.0,125.0,1.0,167.79,3.0,52.0,1.0,168.5,1.0,48.0,3.0,169.5,1.0,,,170.0,2.0,,,177.0,1.0,,,200.0,1.0,,,,,,,,
157,Germany_Baseload#19#0#10000106,2021-10-06 06:40:38.608000,165.0,1.0,167.75,1.0,150.0,2.0,167.78,1.0,148.0,1.0,167.79,3.0,125.0,1.0,168.5,1.0,52.0,1.0,169.5,1.0,48.0,3.0,170.0,2.0,,,177.0,1.0,,,200.0,1.0,,,,,,,,
158,Germany_Baseload#19#0#10000106,2021-10-06 06:40:50.168000,150.0,2.0,167.75,1.0,148.0,1.0,167.78,1.0,125.0,1.0,167.79,3.0,52.0,1.0,168.5,1.0,48.0,3.0,169.0,1.0,,,169.5,1.0,,,170.0,2.0,,,177.0,1.0,,,200.0,1.0,,,,
159,Germany_Baseload#19#0#10000106,2021-10-06 06:41:02.836000,150.0,2.0,165.0,1.0,148.0,1.0,167.78,1.0,125.0,1.0,167.79,3.0,52.0,1.0,168.5,1.0,48.0,3.0,169.0,1.0,,,169.5,1.0,,,170.0,2.0,,,177.0,1.0,,,200.0,1.0,,,,
160,Germany_Baseload#19#0#10000106,2021-10-06 06:41:04.834000,163.0,1.0,165.0,1.0,150.0,2.0,167.78,1.0,148.0,1.0,167.79,3.0,125.0,1.0,168.5,1.0,52.0,1.0,169.0,1.0,48.0,3.0,169.5,1.0,,,170.0,2.0,,,177.0,1.0,,,200.0,1.0,,,,
161,Germany_Baseload#19#0#10000106,2021-10-06 06:41:11.911000,163.0,1.0,165.0,1.0,150.0,2.0,167.78,1.0,148.0,1.0,167.79,3.0,125.0,1.0,168.5,1.0,52.0,1.0,169.5,1.0,48.0,3.0,170.0,2.0,,,177.0,1.0,,,200.0,1.0,,,,,,,,
162,Germany_Baseload#19#0#10000106,2021-10-06 06:41:44.790000,163.0,2.0,165.0,1.0,150.0,2.0,167.78,1.0,148.0,1.0,167.79,3.0,125.0,1.0,168.5,1.0,52.0,1.0,169.5,1.0,48.0,3.0,170.0,2.0,,,177.0,1.0,,,200.0,1.0,,,,,,,,
163,Germany_Baseload#19#0#10000106,2021-10-06 06:41:47.284000,163.0,2.0,167.78,1.0,150.0,2.0,167.79,3.0,148.0,1.0,168.5,1.0,125.0,1.0,169.5,1.0,52.0,1.0,170.0,2.0,48.0,3.0,177.0,1.0,,,200.0,1.0,,,,,,,,,,,,
164,Germany_Baseload#19#0#10000106,2021-10-06 06:42:05.315000,163.0,2.0,167.78,1.0,150.0,2.0,167.79,3.0,148.0,1.0,169.5,1.0,125.0,1.0,170.0,2.0,52.0,1.0,177.0,1.0,48.0,3.0,200.0,1.0,,,,,,,,,,,,,,,,
165,Germany_Baseload#19#0#10000106,2021-10-06 06:42:09.963000,163.0,2.0,166.0,3.0,150.0,2.0,167.78,1.0,148.0,1.0,167.79,3.0,125.0,1.0,169.5,1.0,52.0,1.0,170.0,2.0,48.0,3.0,177.0,1.0,,,200.0,1.0,,,,,,,,,,,,
166,Germany_Baseload#19#0#10000106,2021-10-06 06:42:10.071000,163.0,2.0,165.99,1.0,150.0,2.0,166.0,3.0,148.0,1.0,167.78,1.0,125.0,1.0,167.79,3.0,52.0,1.0,169.5,1.0,48.0,3.0,170.0,2.0,,,177.0,1.0,,,200.0,1.0,,,,,,,,
167,Germany_Baseload#19#0#10000106,2021-10-06 06:42:10.072000,163.0,2.0,165.99,1.0,150.0,2.0,166.0,3.0,148.0,1.0,167.79,3.0,125.0,1.0,169.5,1.0,52.0,1.0,170.0,2.0,48.0,3.0,177.0,1.0,,,200.0,1.0,,,,,,,,,,,,
168,Germany_Baseload#19#0#10000106,2021-10-06 06:42:13.784000,163.0,2.0,165.99,1.0,160.0,1.0,166.0,3.0,150.0,2.0,167.79,3.0,148.0,1.0,169.5,1.0,125.0,1.0,170.0,2.0,52.0,1.0,177.0,1.0,48.0,3.0,200.0,1.0,,,,,,,,,,,,
169,Germany_Baseload#19#0#10000106,2021-10-06 06:42:37.451000,163.25,5.0,165.99,1.0,163.0,2.0,166.0,3.0,160.0,1.0,167.79,3.0,150.0,2.0,169.5,1.0,148.0,1.0,170.0,2.0,125.0,1.0,177.0,1.0,52.0,1.0,200.0,1.0,48.0,3.0,,,,,,,,,,
170,Germany_Baseload#19#0#10000106,2021-10-06 06:42:44.954000,163.25,5.0,165.0,1.0,163.0,2.0,165.99,1.0,160.0,1.0,166.0,3.0,150.0,2.0,167.79,3.0,148.0,1.0,169.5,1.0,125.0,1.0,170.0,2.0,52.0,1.0,177.0,1.0,48.0,3.0,200.0,1.0,,,,,,,,
171,Germany_Baseload#19#0#10000106,2021-10-06 06:42:51.522000,163.25,5.0,165.99,1.0,163.0,2.0,166.0,3.0,160.0,1.0,167.79,3.0,150.0,2.0,169.5,1.0,148.0,1.0,170.0,2.0,125.0,1.0,177.0,1.0,52.0,1.0,200.0,1.0,48.0,3.0,,,,,,,,,,
172,Germany_Baseload#19#0#10000106,2021-10-06 06:43:07.227000,163.25,5.0,165.99,1.0,163.0,1.0,166.0,3.0,160.0,1.0,167.79,3.0,150.0,2.0,169.5,1.0,148.0,1.0,170.0,2.0,125.0,1.0,177.0,1.0,52.0,1.0,200.0,1.0,48.0,3.0,,,,,,,,,,
173,Germany_Baseload#19#0#10000106,2021-10-06 06:43:07.971000,163.25,5.0,165.0,1.0,163.0,1.0,165.99,1.0,160.0,1.0,166.0,3.0,150.0,2.0,167.79,3.0,148.0,1.0,169.5,1.0,125.0,1.0,170.0,2.0,52.0,1.0,177.0,1.0,48.0,3.0,200.0,1.0,,,,,,,,
174,Germany_Baseload#19#0#10000106,2021-10-06 06:43:19.060000,163.25,5.0,165.0,4.0,163.0,1.0,165.99,1.0,160.0,1.0,167.79,3.0,150.0,2.0,169.5,1.0,148.0,1.0,170.0,2.0,125.0,1.0,177.0,1.0,52.0,1.0,200.0,1.0,48.0,3.0,,,,,,,,,,
175,Germany_Baseload#19#0#10000106,2021-10-06 06:43:19.169000,163.25,5.0,164.99,1.0,163.0,1.0,165.0,4.0,160.0,1.0,167.79,3.0,150.0,2.0,169.5,1.0,148.0,1.0,170.0,2.0,125.0,1.0,177.0,1.0,52.0,1.0,200.0,1.0,48.0,3.0,,,,,,,,,,
176,Germany_Baseload#19#0#10000106,2021-10-06 06:43:23.659000,163.25,5.0,164.99,1.0,163.0,1.0,165.0,4.0,160.0,1.0,167.79,3.0,150.0,2.0,169.5,1.0,148.0,1.0,170.0,2.0,125.0,1.0,177.0,1.0,52.0,1.0,200.0,1.0,48.0,3.0,,,,,,,,,,
177,Germany_Baseload#19#0#10000106,2021-10-06 06:43:26.076000,164.0,2.0,164.99,1.0,163.25,5.0,165.0,4.0,163.0,1.0,167.79,3.0,160.0,1.0,169.5,1.0,150.0,2.0,170.0,2.0,148.0,1.0,177.0,1.0,125.0,1.0,200.0,1.0,52.0,1.0,,,48.0,3.0,,,,,,
178,Germany_Baseload#19#0#10000106,2021-10-06 06:43:27.035000,164.0,2.0,164.99,1.0,163.25,5.0,165.0,3.0,163.0,1.0,167.79,3.0,160.0,1.0,169.5,1.0,150.0,2.0,170.0,2.0,148.0,1.0,177.0,1.0,125.0,1.0,200.0,1.0,52.0,1.0,,,48.0,3.0,,,,,,
179,Germany_Baseload#19#0#10000106,2021-10-06 06:43:27.057000,164.0,2.0,164.99,1.0,163.25,5.0,165.0,1.0,163.0,1.0,167.79,3.0,160.0,1.0,169.5,1.0,150.0,2.0,170.0,2.0,148.0,1.0,177.0,1.0,125.0,1.0,200.0,1.0,52.0,1.0,,,48.0,3.0,,,,,,
180,Germany_Baseload#19#0#10000106,2021-10-06 06:43:27.082000,164.0,2.0,164.99,1.0,163.25,5.0,165.0,3.0,163.0,1.0,165.03,3.0,160.0,1.0,167.79,3.0,150.0,2.0,169.5,1.0,148.0,1.0,170.0,2.0,125.0,1.0,177.0,1.0,52.0,1.0,200.0,1.0,48.0,3.0,,,,,,
181,Germany_Baseload#19#0#10000106,2021-10-06 06:43:27.098000,164.0,2.0,164.99,1.0,163.25,5.0,165.0,3.0,163.0,1.0,165.03,3.0,160.0,1.0,165.06,3.0,150.0,2.0,167.79,3.0,148.0,1.0,169.5,1.0,125.0,1.0,170.0,2.0,52.0,1.0,177.0,1.0,48.0,3.0,200.0,1.0,,,,
182,Germany_Baseload#19#0#10000106,2021-10-06 06:43:39.270000,164.0,2.0,165.0,3.0,163.25,5.0,165.03,3.0,163.0,1.0,165.06,3.0,160.0,1.0,167.79,3.0,150.0,2.0,169.5,1.0,148.0,1.0,170.0,2.0,125.0,1.0,177.0,1.0,52.0,1.0,200.0,1.0,48.0,3.0,,,,,,
183,Germany_Baseload#19#0#10000106,2021-10-06 06:43:42.825000,164.0,2.0,165.0,3.0,163.25,5.0,165.03,3.0,163.0,1.0,165.06,3.0,160.0,1.0,167.79,3.0,150.0,2.0,169.5,1.0,148.0,1.0,170.0,2.0,125.0,1.0,177.0,1.0,52.0,1.0,200.0,1.0,48.0,3.0,,,,,,
184,Germany_Baseload#19#0#10000106,2021-10-06 06:43:42.853000,164.0,2.0,165.03,3.0,163.25,5.0,165.06,3.0,163.0,1.0,167.79,3.0,160.0,1.0,169.5,1.0,150.0,2.0,170.0,2.0,148.0,1.0,177.0,1.0,125.0,1.0,200.0,1.0,52.0,1.0,,,48.0,3.0,,,,,,
185,Germany_Baseload#19#0#10000106,2021-10-06 06:43:42.899000,164.0,2.0,165.03,3.0,163.25,5.0,167.79,3.0,163.0,1.0,169.5,1.0,160.0,1.0,170.0,2.0,150.0,2.0,177.0,1.0,148.0,1.0,200.0,1.0,125.0,1.0,,,52.0,1.0,,,48.0,3.0,,,,,,
186,Germany_Baseload#19#0#10000106,2021-10-06 06:43:42.900000,164.0,2.0,167.79,3.0,163.25,5.0,169.5,1.0,163.0,1.0,170.0,2.0,160.0,1.0,177.0,1.0,150.0,2.0,200.0,1.0,148.0,1.0,,,125.0,1.0,,,52.0,1.0,,,48.0,3.0,,,,,,
187,Germany_Baseload#19#0#10000106,2021-10-06 06:43:57.098000,164.0,2.0,167.0,3.0,163.25,5.0,167.79,3.0,163.0,1.0,169.5,1.0,160.0,1.0,170.0,2.0,150.0,2.0,177.0,1.0,148.0,1.0,200.0,1.0,125.0,1.0,,,52.0,1.0,,,48.0,3.0,,,,,,
188,Germany_Baseload#19#0#10000106,2021-10-06 06:43:57.129000,164.0,2.0,167.0,3.0,163.25,5.0,167.03,3.0,163.0,1.0,167.79,3.0,160.0,1.0,169.5,1.0,150.0,2.0,170.0,2.0,148.0,1.0,177.0,1.0,125.0,1.0,200.0,1.0,52.0,1.0,,,48.0,3.0,,,,,,
189,Germany_Baseload#19#0#10000106,2021-10-06 06:43:57.160000,164.0,2.0,167.0,3.0,163.25,5.0,167.03,3.0,163.0,1.0,167.06,3.0,160.0,1.0,167.79,3.0,150.0,2.0,169.5,1.0,148.0,1.0,170.0,2.0,125.0,1.0,177.0,1.0,52.0,1.0,200.0,1.0,48.0,3.0,,,,,,
190,Germany_Baseload#19#0#10000106,2021-10-06 06:44:16.418000,164.0,2.0,166.0,1.0,163.25,5.0,167.0,3.0,163.0,1.0,167.03,3.0,160.0,1.0,167.06,3.0,150.0,2.0,167.79,3.0,148.0,1.0,169.5,1.0,125.0,1.0,170.0,2.0,52.0,1.0,177.0,1.0,48.0,3.0,200.0,1.0,,,,
191,Germany_Baseload#19#0#10000106,2021-10-06 06:44:20.262000,165.0,1.0,166.0,1.0,164.0,2.0,167.0,3.0,163.25,5.0,167.03,3.0,163.0,1.0,167.06,3.0,160.0,1.0,167.79,3.0,150.0,2.0,169.5,1.0,148.0,1.0,170.0,2.0,125.0,1.0,177.0,1.0,52.0,1.0,200.0,1.0,48.0,3.0,,
192,Germany_Baseload#19#0#10000106,2021-10-06 06:44:21.643000,165.0,1.0,167.0,3.0,164.0,2.0,167.03,3.0,163.25,5.0,167.06,3.0,163.0,1.0,167.79,3.0,160.0,1.0,169.5,1.0,150.0,2.0,170.0,2.0,148.0,1.0,177.0,1.0,125.0,1.0,200.0,1.0,52.0,1.0,,,48.0,3.0,,
193,Germany_Baseload#19#0#10000106,2021-10-06 06:44:26.376000,165.0,1.0,167.0,3.0,164.0,2.0,167.03,3.0,163.5,1.0,167.06,3.0,163.25,5.0,167.79,3.0,163.0,1.0,169.5,1.0,160.0,1.0,170.0,2.0,150.0,2.0,177.0,1.0,148.0,1.0,200.0,1.0,125.0,1.0,,,52.0,1.0,,
194,Germany_Baseload#19#0#10000106,2021-10-06 06:44:44.515000,164.0,2.0,167.0,3.0,163.5,1.0,167.03,3.0,163.25,5.0,167.06,3.0,163.0,1.0,167.79,3.0,160.0,1.0,169.5,1.0,150.0,2.0,170.0,2.0,148.0,1.0,177.0,1.0,125.0,1.0,200.0,1.0,52.0,1.0,,,48.0,3.0,,
195,Germany_Baseload#19#0#10000106,2021-10-06 06:44:56.599000,165.0,1.0,167.0,3.0,164.0,2.0,167.03,3.0,163.5,1.0,167.06,3.0,163.25,5.0,167.79,3.0,163.0,1.0,169.5,1.0,160.0,1.0,170.0,2.0,150.0,2.0,177.0,1.0,148.0,1.0,200.0,1.0,125.0,1.0,,,52.0,1.0,,
196,Germany_Baseload#19#0#10000106,2021-10-06 06:45:00.184000,165.0,1.0,167.0,3.0,164.0,2.0,167.03,3.0,163.5,1.0,167.06,3.0,163.25,5.0,167.5,1.0,163.0,1.0,167.79,3.0,160.0,1.0,169.5,1.0,150.0,2.0,170.0,2.0,148.0,1.0,177.0,1.0,125.0,1.0,200.0,1.0,52.0,1.0,,
197,Germany_Baseload#19#0#10000106,2021-10-06 06:45:21.616000,165.0,1.0,167.0,3.0,164.0,2.0,167.03,3.0,163.5,1.0,167.06,3.0,163.25,5.0,167.5,1.0,163.0,1.0,167.79,3.0,160.0,1.0,169.5,1.0,150.0,2.0,170.0,2.0,148.0,1.0,177.0,1.0,125.0,1.0,200.0,1.0,52.0,1.0,,
198,Germany_Baseload#19#0#10000106,2021-10-06 06:45:31.323000,165.0,1.0,167.0,3.0,164.0,2.0,167.03,3.0,163.5,1.0,167.06,3.0,163.25,1.0,167.5,1.0,163.0,1.0,167.79,3.0,160.0,1.0,169.5,1.0,150.0,2.0,170.0,2.0,148.0,1.0,177.0,1.0,125.0,1.0,200.0,1.0,52.0,1.0,,
199,Germany_Baseload#19#0#10000106,2021-10-06 06:45:32.462000,165.0,1.0,167.0,3.0,164.0,2.0,167.03,3.0,163.5,1.0,167.06,3.0,163.25,5.0,167.5,1.0,163.0,1.0,167.79,3.0,160.0,1.0,169.5,1.0,150.0,2.0,170.0,2.0,148.0,1.0,177.0,1.0,125.0,1.0,200.0,1.0,52.0,1.0,,
200,Germany_Baseload#19#0#10000106,2021-10-06 06:45:34.248000,165.0,1.0,167.0,3.0,164.0,2.0,167.03,3.0,163.5,1.0,167.06,3.0,163.25,5.0,167.5,1.0,163.0,1.0,167.75,1.0,160.0,1.0,167.79,3.0,150.0,2.0,169.5,1.0,148.0,1.0,170.0,2.0,125.0,1.0,177.0,1.0,52.0,1.0,200.0,1.0
201,Germany_Baseload#19#0#10000106,2021-10-06 06:45:42.825000,165.0,2.0,167.0,3.0,164.0,2.0,167.03,3.0,163.5,1.0,167.06,3.0,163.25,5.0,167.5,1.0,163.0,1.0,167.75,1.0,160.0,1.0,167.79,3.0,150.0,2.0,169.5,1.0,148.0,1.0,170.0,2.0,125.0,1.0,177.0,1.0,52.0,1.0,200.0,1.0
202,Germany_Baseload#19#0#10000106,2021-10-06 06:45:44.705000,165.0,2.0,167.0,3.0,163.5,1.0,167.03,3.0,163.25,5.0,167.06,3.0,163.0,1.0,167.5,1.0,160.0,1.0,167.75,1.0,150.0,2.0,167.79,3.0,148.0,1.0,169.5,1.0,125.0,1.0,170.0,2.0,52.0,1.0,177.0,1.0,48.0,3.0,200.0,1.0
203,Germany_Baseload#19#0#10000106,2021-10-06 06:46:03.026000,165.0,4.0,167.0,3.0,163.5,1.0,167.03,3.0,163.25,5.0,167.06,3.0,163.0,1.0,167.5,1.0,160.0,1.0,167.75,1.0,150.0,2.0,167.79,3.0,148.0,1.0,169.5,1.0,125.0,1.0,170.0,2.0,52.0,1.0,177.0,1.0,48.0,3.0,200.0,1.0
204,Germany_Baseload#19#0#10000106,2021-10-06 06:46:25.711000,165.0,4.0,167.0,3.0,163.5,1.0,167.03,3.0,163.25,5.0,167.06,3.0,163.0,1.0,167.5,1.0,160.0,1.0,167.6,1.0,150.0,2.0,167.79,3.0,148.0,1.0,169.5,1.0,125.0,1.0,170.0,2.0,52.0,1.0,177.0,1.0,48.0,3.0,200.0,1.0
205,Germany_Baseload#19#0#10000106,2021-10-06 06:46:31.529000,165.0,3.0,167.0,3.0,163.5,1.0,167.03,3.0,163.25,5.0,167.06,3.0,163.0,1.0,167.5,1.0,160.0,1.0,167.6,1.0,150.0,2.0,167.79,3.0,148.0,1.0,169.5,1.0,125.0,1.0,170.0,2.0,52.0,1.0,177.0,1.0,48.0,3.0,200.0,1.0
206,Germany_Baseload#19#0#10000106,2021-10-06 06:46:52.957000,165.0,3.0,166.0,3.0,163.5,1.0,167.03,3.0,163.25,5.0,167.06,3.0,163.0,1.0,167.5,1.0,160.0,1.0,167.6,1.0,150.0,2.0,167.79,3.0,148.0,1.0,169.5,1.0,125.0,1.0,170.0,2.0,52.0,1.0,177.0,1.0,48.0,3.0,200.0,1.0
207,Germany_Baseload#19#0#10000106,2021-10-06 06:46:53.004000,165.0,3.0,166.0,3.0,163.5,1.0,166.03,3.0,163.25,5.0,167.5,1.0,163.0,1.0,167.6,1.0,160.0,1.0,167.79,3.0,150.0,2.0,169.5,1.0,148.0,1.0,170.0,2.0,125.0,1.0,177.0,1.0,52.0,1.0,200.0,1.0,48.0,3.0,,
208,Germany_Baseload#19#0#10000106,2021-10-06 06:46:53.007000,165.0,3.0,166.0,3.0,163.5,1.0,167.03,3.0,163.25,5.0,167.5,1.0,163.0,1.0,167.6,1.0,160.0,1.0,167.79,3.0,150.0,2.0,169.5,1.0,148.0,1.0,170.0,2.0,125.0,1.0,177.0,1.0,52.0,1.0,200.0,1.0,48.0,3.0,,
209,Germany_Baseload#19#0#10000106,2021-10-06 06:46:53.008000,165.0,3.0,166.0,3.0,163.5,1.0,167.5,1.0,163.25,5.0,167.6,1.0,163.0,1.0,167.79,3.0,160.0,1.0,169.5,1.0,150.0,2.0,170.0,2.0,148.0,1.0,177.0,1.0,125.0,1.0,200.0,1.0,52.0,1.0,,,48.0,3.0,,
210,Germany_Baseload#19#0#10000106,2021-10-06 06:46:53.019000,165.0,3.0,166.0,3.0,163.5,1.0,166.03,3.0,163.25,5.0,166.06,3.0,163.0,1.0,167.5,1.0,160.0,1.0,167.6,1.0,150.0,2.0,167.79,3.0,148.0,1.0,169.5,1.0,125.0,1.0,170.0,2.0,52.0,1.0,177.0,1.0,48.0,3.0,200.0,1.0
211,Germany_Baseload#19#0#10000106,2021-10-06 06:47:08.494000,165.5,3.0,166.0,3.0,165.0,3.0,166.03,3.0,163.5,1.0,166.06,3.0,163.25,5.0,167.5,1.0,163.0,1.0,167.6,1.0,160.0,1.0,167.79,3.0,150.0,2.0,169.5,1.0,148.0,1.0,170.0,2.0,125.0,1.0,177.0,1.0,52.0,1.0,200.0,1.0
212,Germany_Baseload#19#0#10000106,2021-10-06 06:47:17.905000,165.5,3.0,166.03,3.0,165.0,3.0,166.06,3.0,163.5,1.0,167.5,1.0,163.25,5.0,167.6,1.0,163.0,1.0,167.79,3.0,160.0,1.0,169.5,1.0,150.0,2.0,170.0,2.0,148.0,1.0,177.0,1.0,125.0,1.0,200.0,1.0,52.0,1.0,,
213,Germany_Baseload#19#0#10000106,2021-10-06 06:47:18.014000,165.5,3.0,166.03,3.0,165.0,3.0,167.5,1.0,163.5,1.0,167.6,1.0,163.25,5.0,167.79,3.0,163.0,1.0,169.5,1.0,160.0,1.0,170.0,2.0,150.0,2.0,177.0,1.0,148.0,1.0,200.0,1.0,125.0,1.0,,,52.0,1.0,,
214,Germany_Baseload#19#0#10000106,2021-10-06 06:47:18.014000,165.5,3.0,167.5,1.0,165.0,3.0,167.6,1.0,163.5,1.0,167.79,3.0,163.25,5.0,169.5,1.0,163.0,1.0,170.0,2.0,160.0,1.0,177.0,1.0,150.0,2.0,200.0,1.0,148.0,1.0,,,125.0,1.0,,,52.0,1.0,,
215,Germany_Baseload#19#0#10000106,2021-10-06 06:47:20.727000,165.5,3.0,167.5,1.0,165.0,3.0,167.79,3.0,163.5,1.0,169.5,1.0,163.25,5.0,170.0,2.0,163.0,1.0,177.0,1.0,160.0,1.0,200.0,1.0,150.0,2.0,,,148.0,1.0,,,125.0,1.0,,,52.0,1.0,,
216,Germany_Baseload#19#0#10000106,2021-10-06 06:47:44.059000,165.5,3.0,167.5,2.0,165.0,3.0,167.79,3.0,163.5,1.0,169.5,1.0,163.25,5.0,170.0,2.0,163.0,1.0,177.0,1.0,160.0,1.0,200.0,1.0,150.0,2.0,,,148.0,1.0,,,125.0,1.0,,,52.0,1.0,,
217,Germany_Baseload#19#0#10000106,2021-10-06 06:47:51.697000,165.75,3.0,167.5,2.0,165.5,3.0,167.79,3.0,165.0,3.0,169.5,1.0,163.5,1.0,170.0,2.0,163.25,5.0,177.0,1.0,163.0,1.0,200.0,1.0,160.0,1.0,,,150.0,2.0,,,148.0,1.0,,,125.0,1.0,,
218,Germany_Baseload#19#0#10000106,2021-10-06 06:48:25.215000,165.75,3.0,167.5,2.0,165.5,3.0,167.79,3.0,165.49,3.0,169.5,1.0,165.0,3.0,170.0,2.0,163.5,1.0,177.0,1.0,163.25,5.0,200.0,1.0,163.0,1.0,,,160.0,1.0,,,150.0,2.0,,,148.0,1.0,,
219,Germany_Baseload#19#0#10000106,2021-10-06 06:48:25.608000,165.75,3.0,167.5,2.0,165.5,3.0,167.51,1.0,165.49,3.0,167.79,3.0,165.0,3.0,169.5,1.0,163.5,1.0,170.0,2.0,163.25,5.0,177.0,1.0,163.0,1.0,200.0,1.0,160.0,1.0,,,150.0,2.0,,,148.0,1.0,,
220,Germany_Baseload#19#0#10000106,2021-10-06 06:48:33.056000,165.75,3.0,167.5,2.0,165.6,3.0,167.51,1.0,165.5,3.0,167.79,3.0,165.49,3.0,169.5,1.0,165.0,3.0,170.0,2.0,163.5,1.0,177.0,1.0,163.25,5.0,200.0,1.0,163.0,1.0,,,160.0,1.0,,,150.0,2.0,,
221,Germany_Baseload#19#0#10000106,2021-10-06 06:48:33.968000,165.75,3.0,167.5,2.0,165.6,3.0,167.51,1.0,165.5,3.0,167.79,3.0,165.49,3.0,169.5,1.0,165.0,3.0,170.0,2.0,163.5,1.0,177.0,1.0,163.0,1.0,200.0,1.0,160.0,1.0,,,150.0,2.0,,,148.0,1.0,,
222,Germany_Baseload#19#0#10000106,2021-10-06 06:48:55.021000,165.75,3.0,167.5,2.0,165.6,3.0,167.51,1.0,165.56,3.0,167.79,3.0,165.5,3.0,169.5,1.0,165.0,3.0,170.0,2.0,163.5,1.0,177.0,1.0,163.0,1.0,200.0,1.0,160.0,1.0,,,150.0,2.0,,,148.0,1.0,,
223,Germany_Baseload#19#0#10000106,2021-10-06 06:49:21.618000,166.0,1.0,167.5,2.0,165.75,3.0,167.51,1.0,165.6,3.0,167.79,3.0,165.56,3.0,169.5,1.0,165.5,3.0,170.0,2.0,165.0,3.0,177.0,1.0,163.5,1.0,200.0,1.0,163.0,1.0,,,160.0,1.0,,,150.0,2.0,,
224,Germany_Baseload#19#0#10000106,2021-10-06 06:49:21.796000,166.0,1.0,167.5,2.0,165.75,3.0,167.51,1.0,165.6,3.0,167.79,3.0,165.5,3.0,169.5,1.0,165.0,3.0,170.0,2.0,163.5,1.0,177.0,1.0,163.0,1.0,200.0,1.0,160.0,1.0,,,150.0,2.0,,,148.0,1.0,,
225,Germany_Baseload#19#0#10000106,2021-10-06 06:50:07.589000,166.0,1.0,167.5,2.0,165.75,3.0,167.51,1.0,165.55,3.0,167.79,3.0,165.5,3.0,169.5,1.0,165.0,3.0,170.0,2.0,163.5,1.0,177.0,1.0,163.0,1.0,200.0,1.0,160.0,1.0,,,150.0,2.0,,,148.0,1.0,,
226,Germany_Baseload#19#0#10000106,2021-10-06 06:50:37.050000,167.0,1.0,167.5,2.0,166.0,1.0,167.51,1.0,165.75,3.0,167.79,3.0,165.55,3.0,169.5,1.0,165.5,3.0,170.0,2.0,165.0,3.0,177.0,1.0,163.5,1.0,200.0,1.0,163.0,1.0,,,160.0,1.0,,,150.0,2.0,,
227,Germany_Baseload#19#0#10000106,2021-10-06 06:50:38.685000,167.0,1.0,167.5,1.0,166.0,1.0,167.51,1.0,165.75,3.0,167.79,3.0,165.55,3.0,169.5,1.0,165.5,3.0,170.0,2.0,165.0,3.0,177.0,1.0,163.5,1.0,200.0,1.0,163.0,1.0,,,160.0,1.0,,,150.0,2.0,,
228,Germany_Baseload#19#0#10000106,2021-10-06 06:50:40.335000,166.0,1.0,167.5,1.0,165.75,3.0,167.51,1.0,165.55,3.0,167.79,3.0,165.5,3.0,169.5,1.0,165.0,3.0,170.0,2.0,163.5,1.0,177.0,1.0,163.0,1.0,200.0,1.0,160.0,1.0,,,150.0,2.0,,,148.0,1.0,,
229,Germany_Baseload#19#0#10000106,2021-10-06 06:50:41.206000,166.0,1.0,167.51,1.0,165.75,3.0,167.79,3.0,165.55,3.0,169.5,1.0,165.5,3.0,170.0,2.0,165.0,3.0,177.0,1.0,163.5,1.0,200.0,1.0,163.0,1.0,,,160.0,1.0,,,150.0,2.0,,,148.0,1.0,,
230,Germany_Baseload#19#0#10000106,2021-10-06 06:50:41.353000,166.0,1.0,167.79,3.0,165.75,3.0,169.5,1.0,165.55,3.0,170.0,2.0,165.5,3.0,177.0,1.0,165.0,3.0,200.0,1.0,163.5,1.0,,,163.0,1.0,,,160.0,1.0,,,150.0,2.0,,,148.0,1.0,,
231,Germany_Baseload#19#0#10000106,2021-10-06 06:50:43.459000,165.75,3.0,167.79,3.0,165.55,3.0,169.5,1.0,165.5,3.0,170.0,2.0,165.0,3.0,177.0,1.0,163.5,1.0,200.0,1.0,163.0,1.0,,,160.0,1.0,,,150.0,2.0,,,148.0,1.0,,,125.0,1.0,,
232,Germany_Baseload#19#0#10000106,2021-10-06 06:50:43.741000,165.75,3.0,167.79,3.0,165.55,3.0,169.5,1.0,165.54,3.0,170.0,2.0,165.5,3.0,177.0,1.0,165.0,3.0,200.0,1.0,163.5,1.0,,,163.0,1.0,,,160.0,1.0,,,150.0,2.0,,,148.0,1.0,,
233,Germany_Baseload#19#0#10000106,2021-10-06 06:50:52.947000,165.75,3.0,167.79,3.0,165.55,3.0,169.5,1.0,165.54,3.0,170.0,2.0,165.0,3.0,177.0,1.0,163.5,1.0,200.0,1.0,163.0,1.0,,,160.0,1.0,,,150.0,2.0,,,148.0,1.0,,,125.0,1.0,,
234,Germany_Baseload#19#0#10000106,2021-10-06 06:50:53.044000,165.75,3.0,167.79,3.0,165.54,3.0,169.5,1.0,165.1,6.0,170.0,2.0,165.0,3.0,177.0,1.0,163.5,1.0,200.0,1.0,163.0,1.0,,,160.0,1.0,,,150.0,2.0,,,148.0,1.0,,,125.0,1.0,,
235,Germany_Baseload#19#0#10000106,2021-10-06 06:50:53.195000,165.75,3.0,167.79,3.0,165.1,6.0,169.5,1.0,165.09,4.0,170.0,2.0,165.0,3.0,177.0,1.0,163.5,1.0,200.0,1.0,163.0,1.0,,,160.0,1.0,,,150.0,2.0,,,148.0,1.0,,,125.0,1.0,,
236,Germany_Baseload#19#0#10000106,2021-10-06 06:50:53.352000,165.75,3.0,167.79,3.0,165.1,3.0,169.5,1.0,165.09,4.0,170.0,2.0,165.0,3.0,177.0,1.0,163.5,1.0,200.0,1.0,163.0,1.0,,,160.0,1.0,,,150.0,2.0,,,148.0,1.0,,,125.0,1.0,,
237,Germany_Baseload#19#0#10000106,2021-10-06 06:50:53.510000,165.75,3.0,167.79,3.0,165.1,3.0,169.5,1.0,165.09,3.0,170.0,2.0,165.0,3.0,177.0,1.0,163.5,1.0,200.0,1.0,163.0,1.0,,,160.0,1.0,,,150.0,2.0,,,148.0,1.0,,,125.0,1.0,,
238,Germany_Baseload#19#0#10000106,2021-10-06 06:50:56.739000,165.75,3.0,167.79,1.0,165.1,3.0,169.5,1.0,165.09,3.0,170.0,2.0,165.0,3.0,177.0,1.0,163.5,1.0,200.0,1.0,163.0,1.0,,,160.0,1.0,,,150.0,2.0,,,148.0,1.0,,,125.0,1.0,,
239,Germany_Baseload#19#0#10000106,2021-10-06 06:51:00.245000,165.75,3.0,169.5,1.0,165.1,3.0,170.0,2.0,165.09,3.0,177.0,1.0,165.0,3.0,200.0,1.0,163.5,1.0,,,163.0,1.0,,,160.0,1.0,,,150.0,2.0,,,148.0,1.0,,,125.0,1.0,,
240,Germany_Baseload#19#0#10000106,2021-10-06 06:51:21.695000,165.75,3.0,169.5,1.0,165.1,3.0,170.0,3.0,165.09,3.0,177.0,1.0,165.0,3.0,200.0,1.0,163.5,1.0,,,163.0,1.0,,,160.0,1.0,,,150.0,2.0,,,148.0,1.0,,,125.0,1.0,,
241,Germany_Baseload#19#0#10000106,2021-10-06 06:51:31.297000,165.8,2.0,169.5,1.0,165.75,3.0,170.0,3.0,165.1,3.0,177.0,1.0,165.09,3.0,200.0,1.0,165.0,3.0,,,163.5,1.0,,,163.0,1.0,,,160.0,1.0,,,150.0,2.0,,,148.0,1.0,,
242,Germany_Baseload#19#0#10000106,2021-10-06 06:51:31.298000,165.8,2.0,169.5,1.0,165.75,3.0,170.0,3.0,165.1,3.0,177.0,1.0,165.09,3.0,200.0,1.0,165.0,1.0,,,163.5,1.0,,,163.0,1.0,,,160.0,1.0,,,150.0,2.0,,,148.0,1.0,,
243,Germany_Baseload#19#0#10000106,2021-10-06 06:51:31.450000,165.8,2.0,169.5,1.0,165.75,3.0,170.0,3.0,165.1,3.0,177.0,1.0,165.09,2.0,200.0,1.0,165.0,1.0,,,163.5,1.0,,,163.0,1.0,,,160.0,1.0,,,150.0,2.0,,,148.0,1.0,,
244,Germany_Baseload#19#0#10000106,2021-10-06 06:51:53.225000,165.8,2.0,169.5,1.0,165.75,3.0,170.0,3.0,165.61,2.0,177.0,1.0,165.1,3.0,200.0,1.0,165.0,1.0,,,163.5,1.0,,,163.0,1.0,,,160.0,1.0,,,150.0,2.0,,,148.0,1.0,,
245,Germany_Baseload#19#0#10000106,2021-10-06 06:52:08.923000,167.0,1.0,169.5,1.0,165.8,2.0,170.0,3.0,165.75,3.0,177.0,1.0,165.61,2.0,200.0,1.0,165.1,3.0,,,165.0,1.0,,,163.5,1.0,,,163.0,1.0,,,160.0,1.0,,,150.0,2.0,,
246,Germany_Baseload#19#0#10000106,2021-10-06 06:52:09.089000,167.0,1.0,169.5,1.0,165.8,2.0,170.0,3.0,165.75,3.0,177.0,1.0,165.61,1.0,200.0,1.0,165.1,3.0,,,165.0,1.0,,,163.5,1.0,,,163.0,1.0,,,160.0,1.0,,,150.0,2.0,,
247,Germany_Baseload#19#0#10000106,2021-10-06 06:52:23.372000,167.0,1.0,169.5,1.0,166.45,1.0,170.0,3.0,165.8,2.0,177.0,1.0,165.75,3.0,200.0,1.0,165.1,3.0,,,165.0,1.0,,,163.5,1.0,,,163.0,1.0,,,160.0,1.0,,,150.0,2.0,,
248,Germany_Baseload#19#0#10000106,2021-10-06 06:52:23.536000,167.0,1.0,169.5,1.0,166.45,1.0,170.0,3.0,165.8,2.0,177.0,1.0,165.75,3.0,200.0,1.0,165.0,1.0,,,163.5,1.0,,,163.0,1.0,,,160.0,1.0,,,150.0,2.0,,,148.0,1.0,,
249,Germany_Baseload#19#0#10000106,2021-10-06 06:52:29.295000,167.0,2.0,169.5,1.0,166.45,1.0,170.0,3.0,165.8,2.0,177.0,1.0,165.75,3.0,200.0,1.0,165.0,1.0,,,163.5,1.0,,,163.0,1.0,,,160.0,1.0,,,150.0,2.0,,,148.0,1.0,,
250,Germany_Baseload#19#0#10000106,2021-10-06 06:52:53.501000,167.0,2.0,169.5,1.0,166.9,2.0,170.0,3.0,165.8,2.0,177.0,1.0,165.75,3.0,200.0,1.0,165.0,1.0,,,163.5,1.0,,,163.0,1.0,,,160.0,1.0,,,150.0,2.0,,,148.0,1.0,,
251,Germany_Baseload#19#0#10000106,2021-10-06 06:53:00.031000,167.0,1.0,169.5,1.0,166.9,2.0,170.0,3.0,165.8,2.0,177.0,1.0,165.75,3.0,200.0,1.0,165.0,1.0,,,163.5,1.0,,,163.0,1.0,,,160.0,1.0,,,150.0,2.0,,,148.0,1.0,,
252,Germany_Baseload#19#0#10000106,2021-10-06 06:53:12.779000,167.0,1.0,169.5,1.0,166.9,2.0,170.0,3.0,165.8,2.0,170.5,1.0,165.75,3.0,177.0,1.0,165.0,1.0,200.0,1.0,163.5,1.0,,,163.0,1.0,,,160.0,1.0,,,150.0,2.0,,,148.0,1.0,,
253,Germany_Baseload#19#0#10000106,2021-10-06 06:53:23.612000,167.0,3.0,169.5,1.0,166.97,3.0,170.0,3.0,165.8,2.0,170.5,1.0,165.75,3.0,177.0,1.0,165.0,1.0,200.0,1.0,163.5,1.0,,,163.0,1.0,,,160.0,1.0,,,150.0,2.0,,,148.0,1.0,,
254,Germany_Baseload#19#0#10000106,2021-10-06 06:53:53.644000,167.0,3.0,169.5,1.0,166.98,3.0,170.0,3.0,165.8,2.0,170.5,1.0,165.75,3.0,177.0,1.0,165.0,1.0,200.0,1.0,163.5,1.0,,,163.0,1.0,,,160.0,1.0,,,150.0,2.0,,,148.0,1.0,,
255,Germany_Baseload#19#0#10000106,2021-10-06 06:54:10.377000,167.0,5.0,169.5,1.0,166.98,3.0,170.0,3.0,165.8,2.0,170.5,1.0,165.75,3.0,177.0,1.0,165.0,1.0,200.0,1.0,163.5,1.0,,,163.0,1.0,,,160.0,1.0,,,150.0,2.0,,,148.0,1.0,,
256,Germany_Baseload#19#0#10000106,2021-10-06 06:54:21.486000,167.0,5.0,168.5,1.0,166.98,3.0,169.5,1.0,165.8,2.0,170.0,3.0,165.75,3.0,177.0,1.0,165.0,1.0,200.0,1.0,163.5,1.0,,,163.0,1.0,,,160.0,1.0,,,150.0,2.0,,,148.0,1.0,,
257,Germany_Baseload#19#0#10000106,2021-10-06 06:54:22.814000,167.0,5.0,168.0,1.0,166.98,3.0,168.5,1.0,165.8,2.0,169.5,1.0,165.75,3.0,170.0,3.0,165.0,1.0,177.0,1.0,163.5,1.0,200.0,1.0,163.0,1.0,,,160.0,1.0,,,150.0,2.0,,,148.0,1.0,,
258,Germany_Baseload#19#0#10000106,2021-10-06 06:54:32.950000,167.0,5.0,167.5,1.0,166.98,3.0,168.0,1.0,165.8,2.0,168.5,1.0,165.75,3.0,169.5,1.0,165.0,1.0,170.0,3.0,163.5,1.0,177.0,1.0,163.0,1.0,200.0,1.0,160.0,1.0,,,150.0,2.0,,,148.0,1.0,,
259,Germany_Baseload#19#0#10000106,2021-10-06 06:54:50.964000,167.05,2.0,167.5,1.0,167.0,5.0,168.0,1.0,166.98,3.0,168.5,1.0,165.75,3.0,169.5,1.0,165.0,1.0,170.0,3.0,163.5,1.0,177.0,1.0,163.0,1.0,200.0,1.0,160.0,1.0,,,150.0,2.0,,,148.0,1.0,,
260,Germany_Baseload#19#0#10000106,2021-10-06 06:54:51.100000,167.05,2.0,167.5,1.0,167.0,8.0,168.0,1.0,166.98,2.0,168.5,1.0,165.75,3.0,169.5,1.0,165.0,1.0,170.0,3.0,163.5,1.0,177.0,1.0,163.0,1.0,200.0,1.0,160.0,1.0,,,150.0,2.0,,,148.0,1.0,,
261,Germany_Baseload#19#0#10000106,2021-10-06 06:54:53.814000,167.05,2.0,167.5,1.0,167.0,8.0,168.0,1.0,166.99,2.0,168.5,1.0,165.75,3.0,169.5,1.0,165.0,1.0,170.0,3.0,163.5,1.0,177.0,1.0,163.0,1.0,200.0,1.0,160.0,1.0,,,150.0,2.0,,,148.0,1.0,,
262,Germany_Baseload#19#0#10000106,2021-10-06 06:54:56.317000,167.05,2.0,167.5,1.0,167.0,1.0,168.0,1.0,166.99,2.0,168.5,1.0,165.75,3.0,169.5,1.0,165.0,1.0,170.0,3.0,163.5,1.0,177.0,1.0,163.0,1.0,200.0,1.0,160.0,1.0,,,150.0,2.0,,,148.0,1.0,,
263,Germany_Baseload#19#0#10000106,2021-10-06 06:55:03.604000,167.05,2.0,167.5,1.0,167.0,1.0,168.0,1.0,166.99,2.0,168.5,1.0,165.75,3.0,169.5,1.0,165.0,1.0,170.0,3.0,163.5,1.0,170.5,1.0,163.0,1.0,177.0,1.0,160.0,1.0,200.0,1.0,150.0,2.0,,,148.0,1.0,,
264,Germany_Baseload#19#0#10000106,2021-10-06 06:55:03.605000,167.05,2.0,167.5,1.0,167.0,1.0,168.0,1.0,166.99,2.0,169.5,1.0,165.75,3.0,170.0,3.0,165.0,1.0,170.5,1.0,163.5,1.0,177.0,1.0,163.0,1.0,200.0,1.0,160.0,1.0,,,150.0,2.0,,,148.0,1.0,,
265,Germany_Baseload#19#0#10000106,2021-10-06 06:55:23.923000,167.05,2.0,167.5,1.0,167.03,2.0,168.0,1.0,167.0,1.0,169.5,1.0,165.75,3.0,170.0,3.0,165.0,1.0,170.5,1.0,163.5,1.0,177.0,1.0,163.0,1.0,200.0,1.0,160.0,1.0,,,150.0,2.0,,,148.0,1.0,,
266,Germany_Baseload#19#0#10000106,2021-10-06 06:55:47.066000,167.05,2.0,168.0,1.0,167.03,2.0,169.5,1.0,167.0,1.0,170.0,3.0,165.75,3.0,170.5,1.0,165.0,1.0,177.0,1.0,163.5,1.0,200.0,1.0,163.0,1.0,,,160.0,1.0,,,150.0,2.0,,,148.0,1.0,,
267,Germany_Baseload#19#0#10000106,2021-10-06 06:55:53.916000,167.05,2.0,168.0,1.0,167.03,2.0,169.5,1.0,167.0,6.0,170.0,3.0,165.75,3.0,170.5,1.0,165.0,1.0,177.0,1.0,163.5,1.0,200.0,1.0,163.0,1.0,,,160.0,1.0,,,150.0,2.0,,,148.0,1.0,,
268,Germany_Baseload#19#0#10000106,2021-10-06 06:55:59.505000,167.05,2.0,168.0,1.0,167.03,2.0,168.25,1.0,167.0,6.0,169.5,1.0,165.75,3.0,170.0,3.0,165.0,1.0,170.5,1.0,163.5,1.0,177.0,1.0,163.0,1.0,200.0,1.0,160.0,1.0,,,150.0,2.0,,,148.0,1.0,,
269,Germany_Baseload#19#0#10000106,2021-10-06 06:56:09.747000,167.05,2.0,168.25,1.0,167.03,2.0,169.5,1.0,167.0,6.0,170.0,3.0,165.75,3.0,170.5,1.0,165.0,1.0,177.0,1.0,163.5,1.0,200.0,1.0,163.0,1.0,,,160.0,1.0,,,150.0,2.0,,,148.0,1.0,,
270,Germany_Baseload#19#0#10000106,2021-10-06 06:56:13.324000,167.05,2.0,169.5,1.0,167.03,2.0,170.0,3.0,167.0,6.0,170.5,1.0,165.75,3.0,177.0,1.0,165.0,1.0,200.0,1.0,163.5,1.0,,,163.0,1.0,,,160.0,1.0,,,150.0,2.0,,,148.0,1.0,,
271,Germany_Baseload#19#0#10000106,2021-10-06 06:56:17.975000,167.1,1.0,169.5,1.0,167.05,2.0,170.0,3.0,167.03,2.0,170.5,1.0,167.0,6.0,177.0,1.0,165.75,3.0,200.0,1.0,165.0,1.0,,,163.5,1.0,,,163.0,1.0,,,160.0,1.0,,,150.0,2.0,,
272,Germany_Baseload#19#0#10000106,2021-10-06 06:56:18.101000,167.1,1.0,169.5,1.0,167.05,2.0,170.0,3.0,167.03,1.0,170.5,1.0,167.0,6.0,177.0,1.0,165.75,3.0,200.0,1.0,165.0,1.0,,,163.5,1.0,,,163.0,1.0,,,160.0,1.0,,,150.0,2.0,,
273,Germany_Baseload#19#0#10000106,2021-10-06 06:56:23.963000,167.1,1.0,169.5,1.0,167.05,1.0,170.0,3.0,167.0,6.0,170.5,1.0,165.75,3.0,177.0,1.0,165.0,1.0,200.0,1.0,163.5,1.0,,,163.0,1.0,,,160.0,1.0,,,150.0,2.0,,,148.0,1.0,,
274,Germany_Baseload#19#0#10000106,2021-10-06 06:56:25.559000,167.1,1.0,169.5,1.0,167.05,1.0,170.0,1.0,167.0,6.0,170.5,1.0,165.75,3.0,177.0,1.0,165.0,1.0,200.0,1.0,163.5,1.0,,,163.0,1.0,,,160.0,1.0,,,150.0,2.0,,,148.0,1.0,,
275,Germany_Baseload#19#0#10000106,2021-10-06 06:56:53.972000,167.1,1.0,169.5,1.0,167.08,1.0,170.0,1.0,167.05,2.0,170.5,1.0,167.0,6.0,177.0,1.0,165.75,3.0,200.0,1.0,165.0,1.0,,,163.5,1.0,,,163.0,1.0,,,160.0,1.0,,,150.0,2.0,,
276,Germany_Baseload#19#0#10000106,2021-10-06 06:57:32.925000,167.1,1.0,169.5,1.0,167.08,1.0,169.75,1.0,167.05,2.0,170.0,1.0,167.0,6.0,170.5,1.0,165.75,3.0,177.0,1.0,165.0,1.0,200.0,1.0,163.5,1.0,,,163.0,1.0,,,160.0,1.0,,,150.0,2.0,,
277,Germany_Baseload#19#0#10000106,2021-10-06 06:57:32.926000,167.1,1.0,169.5,1.0,167.08,1.0,169.75,1.0,167.05,2.0,170.0,3.0,167.0,6.0,170.5,1.0,165.75,3.0,177.0,1.0,165.0,1.0,200.0,1.0,163.5,1.0,,,163.0,1.0,,,160.0,1.0,,,150.0,2.0,,
278,Germany_Baseload#19#0#10000106,2021-10-06 07:00:36.322000,167.1,1.0,169.5,1.0,167.08,1.0,169.75,1.0,167.05,2.0,170.0,3.0,167.0,6.0,170.5,2.0,165.75,3.0,177.0,1.0,165.0,1.0,200.0,1.0,163.5,1.0,,,163.0,1.0,,,160.0,1.0,,,150.0,2.0,,
279,Germany_Baseload#19#0#10000106,2021-10-06 07:00:38.763000,167.1,1.0,169.5,1.0,167.08,1.0,169.75,1.0,167.05,2.0,170.0,3.0,167.0,6.0,170.5,6.0,165.75,3.0,177.0,1.0,165.0,1.0,200.0,1.0,163.5,1.0,,,163.0,1.0,,,160.0,1.0,,,150.0,2.0,,
280,Germany_Baseload#19#0#10000106,2021-10-06 07:00:45.118000,167.1,1.0,169.5,1.0,167.08,1.0,169.75,1.0,167.05,2.0,170.0,3.0,167.0,6.0,170.5,6.0,166.5,1.0,177.0,1.0,165.75,3.0,200.0,1.0,165.0,1.0,,,163.5,1.0,,,163.0,1.0,,,160.0,1.0,,
281,Germany_Baseload#19#0#10000106,2021-10-06 07:01:32.419000,167.1,1.0,168.5,3.0,167.08,1.0,169.5,1.0,167.05,2.0,169.75,1.0,167.0,6.0,170.0,3.0,166.5,1.0,170.5,6.0,165.75,3.0,177.0,1.0,165.0,1.0,200.0,1.0,163.5,1.0,,,163.0,1.0,,,160.0,1.0,,
282,Germany_Baseload#19#0#10000106,2021-10-06 07:01:32.450000,167.1,1.0,168.5,3.0,167.08,1.0,168.53,3.0,167.05,2.0,169.5,1.0,167.0,6.0,169.75,1.0,166.5,1.0,170.0,3.0,165.75,3.0,170.5,6.0,165.0,1.0,177.0,1.0,163.5,1.0,200.0,1.0,163.0,1.0,,,160.0,1.0,,
283,Germany_Baseload#19#0#10000106,2021-10-06 07:01:32.466000,167.1,1.0,168.5,3.0,167.08,1.0,168.53,6.0,167.05,2.0,169.5,1.0,167.0,6.0,169.75,1.0,166.5,1.0,170.0,3.0,165.75,3.0,170.5,6.0,165.0,1.0,177.0,1.0,163.5,1.0,200.0,1.0,163.0,1.0,,,160.0,1.0,,
284,Germany_Baseload#19#0#10000106,2021-10-06 07:01:45.093000,167.1,1.0,168.5,3.0,167.08,1.0,168.53,6.0,167.05,2.0,169.5,1.0,167.0,1.0,169.75,1.0,166.5,1.0,170.0,3.0,165.75,3.0,170.5,6.0,165.0,1.0,177.0,1.0,163.5,1.0,200.0,1.0,163.0,1.0,,,160.0,1.0,,
285,Germany_Baseload#19#0#10000106,2021-10-06 07:01:49.951000,167.1,1.0,168.5,3.0,167.08,1.0,168.53,6.0,167.05,2.0,169.5,1.0,167.0,1.0,170.0,3.0,166.5,1.0,170.5,6.0,165.75,3.0,177.0,1.0,165.0,1.0,200.0,1.0,163.5,1.0,,,163.0,1.0,,,160.0,1.0,,
286,Germany_Baseload#19#0#10000106,2021-10-06 07:01:54.635000,167.1,1.0,168.5,3.0,167.08,1.0,168.53,6.0,167.05,2.0,169.5,1.0,167.0,1.0,170.0,3.0,166.5,1.0,170.5,5.0,165.75,3.0,177.0,1.0,165.0,1.0,200.0,1.0,163.5,1.0,,,163.0,1.0,,,160.0,1.0,,
287,Germany_Baseload#19#0#10000106,2021-10-06 07:02:01.875000,167.25,2.0,167.25,1.0,167.05,2.0,168.5,3.0,167.04,2.0,168.53,6.0,167.0,1.0,168.55,1.0,165.75,3.0,169.5,1.0,163.5,1.0,170.0,3.0,163.0,1.0,170.5,5.0,160.0,1.0,177.0,1.0,150.0,2.0,200.0,1.0,148.0,1.0,,
288,Germany_Baseload#19#0#10000106,2021-10-06 07:02:02.039000,167.25,5.0,168.5,3.0,167.1,6.0,168.53,6.0,167.08,1.0,169.5,1.0,167.05,2.0,170.0,3.0,167.0,1.0,170.5,5.0,166.5,1.0,177.0,1.0,165.75,3.0,200.0,1.0,165.0,1.0,,,163.5,1.0,,,163.0,1.0,,
289,Germany_Baseload#19#0#10000106,2021-10-06 07:02:27.993000,167.25,5.0,168.5,3.0,167.1,6.0,168.53,6.0,167.08,1.0,169.25,1.0,167.05,2.0,169.5,1.0,167.0,1.0,170.0,3.0,166.5,1.0,170.5,5.0,165.75,3.0,177.0,1.0,165.0,1.0,200.0,1.0,163.5,1.0,,,163.0,1.0,,
290,Germany_Baseload#19#0#10000106,2021-10-06 07:02:32.206000,167.25,5.0,168.5,3.0,167.1,6.0,168.53,6.0,167.08,4.0,169.25,1.0,167.05,2.0,169.5,1.0,167.0,1.0,170.0,3.0,166.5,1.0,170.5,5.0,165.75,3.0,177.0,1.0,165.0,1.0,200.0,1.0,163.5,1.0,,,163.0,1.0,,
291,Germany_Baseload#19#0#10000106,2021-10-06 07:02:41.297000,167.25,1.0,168.5,3.0,167.1,6.0,168.53,6.0,167.08,4.0,169.25,1.0,167.05,2.0,169.5,1.0,167.0,1.0,170.0,3.0,166.5,1.0,170.5,5.0,165.75,3.0,177.0,1.0,165.0,1.0,200.0,1.0,163.5,1.0,,,163.0,1.0,,
292,Germany_Baseload#19#0#10000106,2021-10-06 07:02:41.453000,167.25,1.0,168.5,3.0,167.1,7.0,168.53,6.0,167.08,4.0,169.25,1.0,167.05,2.0,169.5,1.0,167.0,1.0,170.0,3.0,166.5,1.0,170.5,5.0,165.75,3.0,177.0,1.0,165.0,1.0,200.0,1.0,163.5,1.0,,,163.0,1.0,,
293,Germany_Baseload#19#0#10000106,2021-10-06 07:02:52.984000,167.25,1.0,168.5,3.0,167.1,7.0,168.53,6.0,167.08,4.0,169.05,1.0,167.05,2.0,169.25,1.0,167.0,1.0,169.5,1.0,166.5,1.0,170.0,3.0,165.75,3.0,170.5,5.0,165.0,1.0,177.0,1.0,163.5,1.0,200.0,1.0,163.0,1.0,,
294,Germany_Baseload#19#0#10000106,2021-10-06 07:02:52.985000,167.25,1.0,168.5,3.0,167.1,7.0,168.53,6.0,167.08,4.0,169.05,1.0,167.05,2.0,169.5,1.0,167.0,1.0,170.0,3.0,166.5,1.0,170.5,5.0,165.75,3.0,177.0,1.0,165.0,1.0,200.0,1.0,163.5,1.0,,,163.0,1.0,,
295,Germany_Baseload#19#0#10000106,2021-10-06 07:03:00.447000,167.25,1.0,168.5,3.0,167.1,7.0,168.53,6.0,167.08,4.0,169.05,1.0,167.05,2.0,169.5,1.0,167.0,1.0,170.0,3.0,166.5,1.0,170.5,5.0,165.75,3.0,177.0,1.0,163.5,1.0,200.0,1.0,163.0,1.0,,,160.0,1.0,,
296,Germany_Baseload#19#0#10000106,2021-10-06 07:03:24.827000,167.25,6.0,168.5,3.0,167.1,7.0,168.53,6.0,167.09,4.0,169.05,1.0,167.05,2.0,169.5,1.0,167.0,1.0,170.0,3.0,166.5,1.0,170.5,5.0,165.75,3.0,177.0,1.0,163.5,1.0,200.0,1.0,163.0,1.0,,,160.0,1.0,,
297,Germany_Baseload#19#0#10000106,2021-10-06 07:04:05.936000,167.25,6.0,168.0,1.0,167.1,7.0,168.5,3.0,167.09,4.0,168.53,6.0,167.05,2.0,169.05,1.0,167.0,1.0,169.5,1.0,166.5,1.0,170.0,3.0,165.75,3.0,170.5,5.0,163.5,1.0,177.0,1.0,163.0,1.0,200.0,1.0,160.0,1.0,,
298,Germany_Baseload#19#0#10000106,2021-10-06 07:04:22.340000,167.25,6.0,168.0,1.0,167.1,7.0,168.5,3.0,167.09,4.0,168.53,6.0,167.05,2.0,169.05,1.0,167.0,1.0,169.5,1.0,165.75,3.0,170.0,3.0,163.5,1.0,170.5,5.0,163.0,1.0,177.0,1.0,160.0,1.0,200.0,1.0,150.0,2.0,,
299,Germany_Baseload#19#0#10000106,2021-10-06 07:04:22.766000,167.25,5.0,168.0,1.0,167.1,7.0,168.5,3.0,167.09,4.0,168.53,6.0,167.05,2.0,169.05,1.0,167.0,1.0,169.5,1.0,165.75,3.0,170.0,3.0,163.5,1.0,170.5,5.0,163.0,1.0,177.0,1.0,160.0,1.0,200.0,1.0,150.0,2.0,,
300,Germany_Baseload#19#0#10000106,2021-10-06 07:04:22.915000,167.25,5.0,168.0,1.0,167.1,6.0,168.5,3.0,167.09,4.0,168.53,6.0,167.05,2.0,169.05,1.0,167.0,1.0,169.5,1.0,165.75,3.0,170.0,3.0,163.5,1.0,170.5,5.0,163.0,1.0,177.0,1.0,160.0,1.0,200.0,1.0,150.0,2.0,,
301,Germany_Baseload#19#0#10000106,2021-10-06 07:04:25.159000,167.25,5.0,168.5,3.0,167.1,6.0,168.53,6.0,167.09,4.0,169.05,1.0,167.05,2.0,169.5,1.0,167.0,1.0,170.0,3.0,165.75,3.0,170.5,5.0,163.5,1.0,177.0,1.0,163.0,1.0,200.0,1.0,160.0,1.0,,,150.0,2.0,,
302,Germany_Baseload#19#0#10000106,2021-10-06 07:04:25.181000,167.25,5.0,168.0,1.0,167.1,6.0,168.5,3.0,167.09,4.0,168.53,6.0,167.05,2.0,169.05,1.0,167.0,1.0,169.5,1.0,165.75,3.0,170.0,3.0,163.5,1.0,170.5,5.0,163.0,1.0,177.0,1.0,160.0,1.0,200.0,1.0,150.0,2.0,,
303,Germany_Baseload#19#0#10000106,2021-10-06 07:04:29.355000,167.25,5.0,167.5,1.0,167.1,6.0,168.5,3.0,167.09,4.0,168.53,6.0,167.05,2.0,169.05,1.0,167.0,1.0,169.5,1.0,165.75,3.0,170.0,3.0,163.5,1.0,170.5,5.0,163.0,1.0,177.0,1.0,160.0,1.0,200.0,1.0,150.0,2.0,,
304,Germany_Baseload#19#0#10000106,2021-10-06 07:04:33.379000,167.25,5.0,167.5,1.0,167.09,4.0,168.5,3.0,167.05,2.0,168.53,6.0,167.0,1.0,169.05,1.0,165.75,3.0,169.5,1.0,163.5,1.0,170.0,3.0,163.0,1.0,170.5,5.0,160.0,1.0,177.0,1.0,150.0,2.0,200.0,1.0,148.0,1.0,,
305,Germany_Baseload#19#0#10000106,2021-10-06 07:04:33.538000,167.25,5.0,167.5,1.0,167.05,2.0,168.5,3.0,167.04,2.0,168.53,6.0,167.0,1.0,169.05,1.0,165.75,3.0,169.5,1.0,163.5,1.0,170.0,3.0,163.0,1.0,170.5,5.0,160.0,1.0,177.0,1.0,150.0,2.0,200.0,1.0,148.0,1.0,,
306,Germany_Baseload#19#0#10000106,2021-10-06 07:04:41.649000,167.25,5.0,167.5,1.0,167.05,2.0,168.5,3.0,167.04,2.0,168.53,6.0,167.0,1.0,168.55,1.0,165.75,3.0,169.05,1.0,163.5,1.0,169.5,1.0,163.0,1.0,170.0,3.0,160.0,1.0,170.5,5.0,150.0,2.0,177.0,1.0,148.0,1.0,200.0,1.0
307,Germany_Baseload#19#0#10000106,2021-10-06 07:04:41.650000,167.25,5.0,167.5,1.0,167.05,2.0,168.5,3.0,167.04,2.0,168.53,6.0,167.0,1.0,168.55,1.0,165.75,3.0,169.5,1.0,163.5,1.0,170.0,3.0,163.0,1.0,170.5,5.0,160.0,1.0,177.0,1.0,150.0,2.0,200.0,1.0,148.0,1.0,,
308,Germany_Baseload#19#0#10000106,2021-10-06 07:04:50.550000,167.25,3.0,167.25,1.0,167.05,2.0,168.5,3.0,167.04,2.0,168.53,6.0,167.0,1.0,168.55,1.0,165.75,3.0,169.5,1.0,163.5,1.0,170.0,3.0,163.0,1.0,170.5,5.0,160.0,1.0,177.0,1.0,150.0,2.0,200.0,1.0,148.0,1.0,,
309,Germany_Baseload#19#0#10000106,2021-10-06 07:04:54.757000,167.25,2.0,167.25,1.0,167.04,2.0,168.5,3.0,167.0,1.0,168.53,6.0,165.75,3.0,168.55,1.0,163.5,1.0,169.5,1.0,163.0,1.0,170.0,3.0,160.0,1.0,170.5,5.0,150.0,2.0,177.0,1.0,148.0,1.0,200.0,1.0,125.0,1.0,,
310,Germany_Baseload#19#0#10000106,2021-10-06 07:04:54.864000,167.25,2.0,167.25,1.0,167.0,1.0,168.5,3.0,166.99,1.0,168.53,6.0,165.75,3.0,168.55,1.0,163.5,1.0,169.5,1.0,163.0,1.0,170.0,3.0,160.0,1.0,170.5,5.0,150.0,2.0,177.0,1.0,148.0,1.0,200.0,1.0,125.0,1.0,,
311,Germany_Baseload#19#0#10000106,2021-10-06 07:04:56.908000,167.0,1.0,167.25,1.0,166.99,1.0,168.5,3.0,165.75,3.0,168.53,6.0,163.5,1.0,168.55,1.0,163.0,1.0,169.5,1.0,160.0,1.0,170.0,3.0,150.0,2.0,170.5,5.0,148.0,1.0,177.0,1.0,125.0,1.0,200.0,1.0,52.0,1.0,,
312,Germany_Baseload#19#0#10000106,2021-10-06 07:04:58.573000,166.99,1.0,167.25,1.0,165.75,3.0,168.5,3.0,163.5,1.0,168.53,6.0,163.0,1.0,168.55,1.0,160.0,1.0,169.5,1.0,150.0,2.0,170.0,3.0,148.0,1.0,170.5,5.0,125.0,1.0,177.0,1.0,52.0,1.0,200.0,1.0,48.0,3.0,,
313,Germany_Baseload#19#0#10000106,2021-10-06 07:04:58.759000,165.75,3.0,167.25,1.0,163.5,1.0,168.5,3.0,163.49,1.0,168.53,6.0,163.0,1.0,168.55,1.0,160.0,1.0,169.5,1.0,150.0,2.0,170.0,3.0,148.0,1.0,170.5,5.0,125.0,1.0,177.0,1.0,52.0,1.0,200.0,1.0,48.0,3.0,,
314,Germany_Baseload#19#0#10000106,2021-10-06 07:05:04.459000,165.75,3.0,167.25,1.0,163.5,1.0,168.5,3.0,163.49,1.0,168.53,6.0,160.0,1.0,168.55,1.0,150.0,2.0,169.5,1.0,148.0,1.0,170.0,3.0,125.0,1.0,170.5,5.0,52.0,1.0,177.0,1.0,48.0,3.0,200.0,1.0,,,,
315,Germany_Baseload#19#0#10000106,2021-10-06 07:05:08.864000,165.75,3.0,167.0,1.0,163.5,1.0,167.25,1.0,163.49,1.0,168.5,3.0,160.0,1.0,168.53,6.0,150.0,2.0,168.55,1.0,148.0,1.0,169.5,1.0,125.0,1.0,170.0,3.0,52.0,1.0,170.5,5.0,48.0,3.0,177.0,1.0,,,200.0,1.0
316,Germany_Baseload#19#0#10000106,2021-10-06 07:05:08.927000,165.75,3.0,167.0,1.0,163.5,1.0,167.15,1.0,163.49,1.0,167.25,1.0,160.0,1.0,168.5,3.0,150.0,2.0,168.53,6.0,148.0,1.0,168.55,1.0,125.0,1.0,169.5,1.0,52.0,1.0,170.0,3.0,48.0,3.0,170.5,5.0,,,177.0,1.0
317,Germany_Baseload#19#0#10000106,2021-10-06 07:05:11.742000,165.75,3.0,167.0,1.0,163.5,1.0,167.15,1.0,163.49,1.0,167.25,1.0,160.0,1.0,168.5,3.0,150.0,2.0,168.53,6.0,148.0,1.0,168.55,1.0,125.0,1.0,169.5,1.0,52.0,1.0,170.0,2.0,48.0,3.0,170.5,5.0,,,177.0,1.0
318,Germany_Baseload#19#0#10000106,2021-10-06 07:05:19.748000,165.75,3.0,167.0,1.0,163.5,1.0,167.15,1.0,163.49,1.0,167.25,1.0,160.0,1.0,168.05,1.0,150.0,2.0,168.5,3.0,148.0,1.0,168.53,6.0,125.0,1.0,169.5,1.0,52.0,1.0,170.0,2.0,48.0,3.0,170.5,5.0,,,177.0,1.0
319,Germany_Baseload#19#0#10000106,2021-10-06 07:05:23.645000,165.75,2.0,167.0,1.0,163.5,1.0,167.15,1.0,163.49,1.0,167.25,1.0,160.0,1.0,168.05,1.0,150.0,2.0,168.5,3.0,148.0,1.0,168.53,6.0,125.0,1.0,169.5,1.0,52.0,1.0,170.0,2.0,48.0,3.0,170.5,5.0,,,177.0,1.0
320,Germany_Baseload#19#0#10000106,2021-10-06 07:05:43.978000,165.75,2.0,167.0,1.0,163.5,1.0,167.15,1.0,163.49,1.0,167.25,1.0,162.5,1.0,168.05,1.0,160.0,1.0,168.5,3.0,150.0,2.0,168.53,6.0,148.0,1.0,169.5,1.0,125.0,1.0,170.0,2.0,52.0,1.0,170.5,5.0,48.0,3.0,177.0,1.0
321,Germany_Baseload#19#0#10000106,2021-10-06 07:05:53.725000,165.75,2.0,167.0,1.0,163.5,1.0,167.15,1.0,163.49,1.0,167.25,1.0,162.5,1.0,168.0,1.0,160.0,1.0,168.05,1.0,150.0,2.0,168.5,3.0,148.0,1.0,168.53,6.0,125.0,1.0,169.5,1.0,52.0,1.0,170.0,2.0,48.0,3.0,170.5,5.0
322,Germany_Baseload#19#0#10000106,2021-10-06 07:05:53.726000,165.75,2.0,167.0,1.0,163.5,1.0,167.15,1.0,163.49,1.0,167.25,1.0,162.5,1.0,168.0,1.0,160.0,1.0,168.5,3.0,150.0,2.0,168.53,6.0,148.0,1.0,169.5,1.0,125.0,1.0,170.0,2.0,52.0,1.0,170.5,5.0,48.0,3.0,177.0,1.0
323,Germany_Baseload#19#0#10000106,2021-10-06 07:05:59.423000,165.75,2.0,167.0,1.0,163.5,1.0,167.15,1.0,163.49,1.0,167.25,1.0,162.5,1.0,168.0,1.0,160.0,1.0,168.5,3.0,150.0,2.0,168.53,6.0,148.0,1.0,169.5,1.0,125.0,1.0,170.0,2.0,52.0,1.0,177.0,1.0,48.0,3.0,200.0,1.0
324,Germany_Baseload#19#0#10000106,2021-10-06 07:06:06.488000,165.75,2.0,167.0,3.0,163.5,1.0,167.15,1.0,163.49,1.0,167.25,1.0,162.5,1.0,168.0,1.0,160.0,1.0,168.5,3.0,150.0,2.0,168.53,6.0,148.0,1.0,169.5,1.0,125.0,1.0,170.0,2.0,52.0,1.0,177.0,1.0,48.0,3.0,200.0,1.0
325,Germany_Baseload#19#0#10000106,2021-10-06 07:06:21.965000,165.75,2.0,167.0,2.0,163.5,1.0,167.15,1.0,163.49,1.0,167.25,1.0,162.5,1.0,168.0,1.0,160.0,1.0,168.5,3.0,150.0,2.0,168.53,6.0,148.0,1.0,169.5,1.0,125.0,1.0,170.0,2.0,52.0,1.0,177.0,1.0,48.0,3.0,200.0,1.0
326,Germany_Baseload#19#0#10000106,2021-10-06 07:06:22.059000,165.75,2.0,167.15,2.0,163.5,1.0,167.25,1.0,163.49,1.0,168.0,1.0,162.5,1.0,168.5,3.0,160.0,1.0,168.53,6.0,150.0,2.0,169.5,1.0,148.0,1.0,170.0,2.0,125.0,1.0,177.0,1.0,52.0,1.0,200.0,1.0,48.0,3.0,,
327,Germany_Baseload#19#0#10000106,2021-10-06 07:06:33.780000,165.75,1.0,167.15,2.0,163.5,1.0,167.25,1.0,163.49,1.0,168.0,1.0,162.5,1.0,168.5,3.0,160.0,1.0,168.53,6.0,150.0,2.0,169.5,1.0,148.0,1.0,170.0,2.0,125.0,1.0,177.0,1.0,52.0,1.0,200.0,1.0,48.0,3.0,,
328,Germany_Baseload#19#0#10000106,2021-10-06 07:06:33.963000,165.75,1.0,167.15,2.0,163.5,1.0,167.25,1.0,162.5,1.0,168.0,1.0,160.0,1.0,168.5,3.0,150.0,2.0,168.53,6.0,148.0,1.0,169.5,1.0,125.0,1.0,170.0,2.0,52.0,1.0,177.0,1.0,48.0,3.0,200.0,1.0,,,,
329,Germany_Baseload#19#0#10000106,2021-10-06 07:06:39.093000,165.75,1.0,167.0,1.0,163.5,1.0,167.15,2.0,162.5,1.0,167.25,1.0,160.0,1.0,168.0,1.0,150.0,2.0,168.5,3.0,148.0,1.0,168.53,6.0,125.0,1.0,169.5,1.0,52.0,1.0,170.0,2.0,48.0,3.0,177.0,1.0,,,200.0,1.0
330,Germany_Baseload#19#0#10000106,2021-10-06 07:06:39.448000,165.75,1.0,167.0,3.0,163.5,1.0,167.15,1.0,162.5,1.0,167.25,1.0,160.0,1.0,168.0,1.0,150.0,2.0,168.5,3.0,148.0,1.0,168.53,6.0,125.0,1.0,169.5,1.0,52.0,1.0,170.0,2.0,48.0,3.0,177.0,1.0,,,200.0,1.0
331,Germany_Baseload#19#0#10000106,2021-10-06 07:06:39.823000,165.75,6.0,167.0,3.0,163.5,1.0,167.15,1.0,160.0,1.0,167.25,1.0,150.0,2.0,168.0,1.0,148.0,1.0,168.5,3.0,125.0,1.0,168.53,6.0,52.0,1.0,169.5,1.0,48.0,3.0,170.0,2.0,,,177.0,1.0,,,200.0,1.0
332,Germany_Baseload#19#0#10000106,2021-10-06 07:06:40.632000,165.75,6.0,167.0,4.0,163.5,1.0,167.15,1.0,160.0,1.0,167.25,1.0,150.0,2.0,168.0,1.0,148.0,1.0,168.5,3.0,125.0,1.0,168.53,6.0,52.0,1.0,169.5,1.0,48.0,3.0,170.0,2.0,,,177.0,1.0,,,200.0,1.0
333,Germany_Baseload#19#0#10000106,2021-10-06 07:06:48.206000,165.75,6.0,167.0,4.0,164.0,1.0,167.15,1.0,163.5,1.0,167.25,1.0,160.0,1.0,168.0,1.0,150.0,2.0,168.5,3.0,148.0,1.0,168.53,6.0,125.0,1.0,169.5,1.0,52.0,1.0,170.0,2.0,48.0,3.0,177.0,1.0,,,200.0,1.0
334,Germany_Baseload#19#0#10000106,2021-10-06 07:07:23.380000,166.0,2.0,167.0,4.0,165.75,4.0,167.15,1.0,164.0,1.0,167.25,1.0,163.5,1.0,168.0,1.0,160.0,1.0,168.5,3.0,150.0,2.0,168.53,6.0,148.0,1.0,169.5,1.0,125.0,1.0,170.0,2.0,52.0,1.0,177.0,1.0,48.0,3.0,200.0,1.0
335,Germany_Baseload#19#0#10000106,2021-10-06 07:07:23.556000,166.0,2.0,167.0,9.0,165.75,4.0,167.15,1.0,164.0,1.0,167.25,1.0,163.5,1.0,168.0,1.0,160.0,1.0,168.5,3.0,150.0,2.0,168.53,6.0,148.0,1.0,169.5,1.0,125.0,1.0,170.0,2.0,52.0,1.0,177.0,1.0,48.0,3.0,200.0,1.0
336,Germany_Baseload#19#0#10000106,2021-10-06 07:07:26.423000,166.0,2.0,167.0,7.0,165.75,4.0,167.15,1.0,164.0,1.0,167.25,1.0,163.5,1.0,168.0,1.0,160.0,1.0,168.5,3.0,150.0,2.0,168.53,6.0,148.0,1.0,169.5,1.0,125.0,1.0,170.0,2.0,52.0,1.0,177.0,1.0,48.0,3.0,200.0,1.0
337,Germany_Baseload#19#0#10000106,2021-10-06 07:07:33.371000,166.0,2.0,167.0,7.0,165.75,4.0,167.15,1.0,164.25,1.0,167.25,1.0,163.5,1.0,168.0,1.0,160.0,1.0,168.5,3.0,150.0,2.0,168.53,6.0,148.0,1.0,169.5,1.0,125.0,1.0,170.0,2.0,52.0,1.0,177.0,1.0,48.0,3.0,200.0,1.0
338,Germany_Baseload#19#0#10000106,2021-10-06 07:07:36.646000,166.0,2.0,167.0,9.0,165.75,4.0,167.15,1.0,164.25,1.0,167.25,1.0,163.5,1.0,168.0,1.0,160.0,1.0,168.5,3.0,150.0,2.0,168.53,6.0,148.0,1.0,169.5,1.0,125.0,1.0,170.0,2.0,52.0,1.0,177.0,1.0,48.0,3.0,200.0,1.0
339,Germany_Baseload#19#0#10000106,2021-10-06 07:07:37.989000,166.0,2.0,167.0,8.0,165.75,4.0,167.15,1.0,164.25,1.0,167.25,1.0,163.5,1.0,168.0,1.0,160.0,1.0,168.5,3.0,150.0,2.0,168.53,6.0,148.0,1.0,169.5,1.0,125.0,1.0,170.0,2.0,52.0,1.0,177.0,1.0,48.0,3.0,200.0,1.0
340,Germany_Baseload#19#0#10000106,2021-10-06 07:07:41.961000,166.0,2.0,167.0,8.0,165.75,4.0,167.15,1.0,164.25,1.0,167.25,1.0,163.5,1.0,168.0,1.0,160.0,1.0,168.5,3.0,150.0,2.0,168.53,6.0,148.0,1.0,169.5,1.0,125.0,1.0,170.0,2.0,52.0,1.0,170.5,1.0,48.0,3.0,177.0,1.0
341,Germany_Baseload#19#0#10000106,2021-10-06 07:07:46.553000,166.0,1.0,167.0,8.0,165.75,3.0,167.15,1.0,164.25,1.0,167.25,1.0,163.5,1.0,168.0,1.0,160.0,1.0,168.5,3.0,150.0,2.0,168.53,6.0,148.0,1.0,169.5,1.0,125.0,1.0,170.0,2.0,52.0,1.0,170.5,1.0,48.0,3.0,177.0,1.0
342,Germany_Baseload#19#0#10000106,2021-10-06 07:07:52.494000,166.0,3.0,167.0,8.0,165.75,3.0,167.15,1.0,164.5,1.0,167.25,1.0,163.5,1.0,168.0,1.0,160.0,1.0,168.5,3.0,150.0,2.0,168.53,6.0,148.0,1.0,169.5,1.0,125.0,1.0,170.0,2.0,52.0,1.0,170.5,1.0,48.0,3.0,177.0,1.0
343,Germany_Baseload#19#0#10000106,2021-10-06 07:08:02.930000,166.0,3.0,167.0,7.0,165.75,3.0,167.15,1.0,164.5,1.0,167.25,1.0,163.5,1.0,168.0,1.0,160.0,1.0,168.5,3.0,150.0,2.0,168.53,6.0,148.0,1.0,169.5,1.0,125.0,1.0,170.0,2.0,52.0,1.0,170.5,1.0,48.0,3.0,177.0,1.0
344,Germany_Baseload#19#0#10000106,2021-10-06 07:08:04.135000,166.0,3.0,167.0,7.0,165.75,3.0,167.15,1.0,164.5,1.0,167.25,1.0,163.5,1.0,168.0,1.0,160.0,1.0,168.25,1.0,150.0,2.0,168.5,3.0,148.0,1.0,168.53,6.0,125.0,1.0,169.5,1.0,52.0,1.0,170.0,2.0,48.0,3.0,170.5,1.0
345,Germany_Baseload#19#0#10000106,2021-10-06 07:08:04.136000,166.0,3.0,167.0,7.0,165.75,3.0,167.15,1.0,164.5,1.0,167.25,1.0,163.5,1.0,168.25,1.0,160.0,1.0,168.5,3.0,150.0,2.0,168.53,6.0,148.0,1.0,169.5,1.0,125.0,1.0,170.0,2.0,52.0,1.0,170.5,1.0,48.0,3.0,177.0,1.0
346,Germany_Baseload#19#0#10000106,2021-10-06 07:08:05.873000,166.0,3.0,167.0,5.0,165.75,3.0,167.15,1.0,164.5,1.0,167.25,1.0,163.5,1.0,168.25,1.0,160.0,1.0,168.5,3.0,150.0,2.0,168.53,6.0,148.0,1.0,169.5,1.0,125.0,1.0,170.0,2.0,52.0,1.0,170.5,1.0,48.0,3.0,177.0,1.0
347,Germany_Baseload#19#0#10000106,2021-10-06 07:08:10.544000,166.0,3.0,167.0,2.0,165.75,3.0,167.15,1.0,164.5,1.0,167.25,1.0,163.5,1.0,168.25,1.0,160.0,1.0,168.5,3.0,150.0,2.0,168.53,6.0,148.0,1.0,169.5,1.0,125.0,1.0,170.0,2.0,52.0,1.0,170.5,1.0,48.0,3.0,177.0,1.0
348,Germany_Baseload#19#0#10000106,2021-10-06 07:08:11.447000,166.0,1.0,167.0,2.0,165.75,3.0,167.15,1.0,164.5,1.0,167.25,1.0,163.5,1.0,168.25,1.0,160.0,1.0,168.5,3.0,150.0,2.0,168.53,6.0,148.0,1.0,169.5,1.0,125.0,1.0,170.0,2.0,52.0,1.0,170.5,1.0,48.0,3.0,177.0,1.0
349,Germany_Baseload#19#0#10000106,2021-10-06 07:08:20.137000,165.75,3.0,167.0,2.0,164.5,1.0,167.15,1.0,163.5,1.0,167.25,1.0,160.0,1.0,168.25,1.0,150.0,2.0,168.5,3.0,148.0,1.0,168.53,6.0,125.0,1.0,169.5,1.0,52.0,1.0,170.0,2.0,48.0,3.0,170.5,1.0,,,177.0,1.0
350,Germany_Baseload#19#0#10000106,2021-10-06 07:08:20.450000,165.75,3.0,167.0,2.0,164.5,1.0,167.15,1.0,163.55,1.0,167.25,1.0,163.5,1.0,168.25,1.0,160.0,1.0,168.5,3.0,150.0,2.0,168.53,6.0,148.0,1.0,169.5,1.0,125.0,1.0,170.0,2.0,52.0,1.0,170.5,1.0,48.0,3.0,177.0,1.0
351,Germany_Baseload#19#0#10000106,2021-10-06 07:08:21.804000,165.75,3.0,167.0,2.0,163.55,1.0,167.15,1.0,163.5,1.0,167.25,1.0,160.0,1.0,168.25,1.0,150.0,2.0,168.5,3.0,148.0,1.0,168.53,6.0,125.0,1.0,169.5,1.0,52.0,1.0,170.0,2.0,48.0,3.0,170.5,1.0,,,177.0,1.0
352,Germany_Baseload#19#0#10000106,2021-10-06 07:08:21.958000,165.75,3.0,167.0,2.0,163.5,1.0,167.15,1.0,163.49,1.0,167.25,1.0,160.0,1.0,168.25,1.0,150.0,2.0,168.5,3.0,148.0,1.0,168.53,6.0,125.0,1.0,169.5,1.0,52.0,1.0,170.0,2.0,48.0,3.0,170.5,1.0,,,177.0,1.0
353,Germany_Baseload#19#0#10000106,2021-10-06 07:08:32.587000,165.75,3.0,167.0,2.0,163.5,1.0,167.15,1.0,163.49,1.0,167.25,1.0,163.0,1.0,168.25,1.0,160.0,1.0,168.5,3.0,150.0,2.0,168.53,6.0,148.0,1.0,169.5,1.0,125.0,1.0,170.0,2.0,52.0,1.0,170.5,1.0,48.0,3.0,177.0,1.0
354,Germany_Baseload#19#0#10000106,2021-10-06 07:08:43.078000,163.5,1.0,167.0,2.0,163.49,1.0,167.15,1.0,163.0,1.0,167.25,1.0,160.0,1.0,168.25,1.0,150.0,2.0,168.5,3.0,148.0,1.0,168.53,6.0,125.0,1.0,169.5,1.0,52.0,1.0,170.0,2.0,48.0,3.0,170.5,1.0,,,177.0,1.0
355,Germany_Baseload#19#0#10000106,2021-10-06 07:08:45.492000,163.5,1.0,167.0,2.0,163.49,1.0,167.15,1.0,160.0,1.0,167.25,1.0,150.0,2.0,168.25,1.0,148.0,1.0,168.5,3.0,125.0,1.0,168.53,6.0,52.0,1.0,169.5,1.0,48.0,3.0,170.0,2.0,,,170.5,1.0,,,177.0,1.0
356,Germany_Baseload#19#0#10000106,2021-10-06 07:08:53.235000,163.5,1.0,167.0,2.0,163.49,1.0,167.15,1.0,160.0,1.0,167.25,1.0,150.0,2.0,168.0,1.0,148.0,1.0,168.5,3.0,125.0,1.0,168.53,6.0,52.0,1.0,169.5,1.0,48.0,3.0,170.0,2.0,,,170.5,1.0,,,177.0,1.0
357,Germany_Baseload#19#0#10000106,2021-10-06 07:08:59.458000,163.5,1.0,167.0,2.0,163.49,1.0,167.15,1.0,162.0,1.0,167.25,1.0,160.0,1.0,168.0,1.0,150.0,2.0,168.5,3.0,148.0,1.0,168.53,6.0,125.0,1.0,169.5,1.0,52.0,1.0,170.0,2.0,48.0,3.0,170.5,1.0,,,177.0,1.0
358,Germany_Baseload#19#0#10000106,2021-10-06 07:09:06.060000,163.5,1.0,166.95,1.0,163.49,1.0,167.0,2.0,162.0,1.0,167.15,1.0,160.0,1.0,167.25,1.0,150.0,2.0,168.0,1.0,148.0,1.0,168.5,3.0,125.0,1.0,168.53,6.0,52.0,1.0,169.5,1.0,48.0,3.0,170.0,2.0,,,170.5,1.0
359,Germany_Baseload#19#0#10000106,2021-10-06 07:09:06.141000,163.5,1.0,166.95,3.0,163.49,1.0,167.0,5.0,162.0,1.0,167.15,1.0,160.0,1.0,167.25,1.0,150.0,2.0,168.0,1.0,148.0,1.0,168.5,3.0,125.0,1.0,168.53,6.0,52.0,1.0,169.5,1.0,48.0,3.0,170.0,2.0,,,170.5,1.0
360,Germany_Baseload#19#0#10000106,2021-10-06 07:09:10.554000,163.5,1.0,166.95,3.0,163.49,1.0,167.0,5.0,162.0,1.0,167.15,1.0,160.0,1.0,167.25,1.0,150.0,2.0,168.0,1.0,148.0,1.0,168.5,3.0,125.0,1.0,168.53,6.0,52.0,1.0,169.5,1.0,48.0,3.0,170.0,2.0,,,177.0,1.0
361,Germany_Baseload#19#0#10000106,2021-10-06 07:09:22.104000,163.5,1.0,166.95,3.0,163.49,1.0,167.0,5.0,162.0,1.0,167.15,1.0,160.0,1.0,167.25,1.0,150.0,2.0,168.0,1.0,148.0,1.0,168.5,3.0,125.0,1.0,168.53,6.0,52.0,1.0,169.5,1.0,48.0,3.0,170.0,2.0,,,177.0,1.0
362,Germany_Baseload#19#0#10000106,2021-10-06 07:09:22.263000,163.5,1.0,166.95,3.0,162.0,1.0,167.0,5.0,160.0,1.0,167.15,1.0,150.0,2.0,167.25,1.0,148.0,1.0,168.0,1.0,125.0,1.0,168.5,3.0,52.0,1.0,168.53,6.0,48.0,3.0,169.5,1.0,,,170.0,2.0,,,177.0,1.0
363,Germany_Baseload#19#0#10000106,2021-10-06 07:09:25.456000,163.5,1.0,166.95,3.0,162.0,1.0,167.0,2.0,160.0,1.0,167.15,1.0,150.0,2.0,167.25,1.0,148.0,1.0,168.0,1.0,125.0,1.0,168.5,3.0,52.0,1.0,168.53,6.0,48.0,3.0,169.5,1.0,,,170.0,2.0,,,177.0,1.0
364,Germany_Baseload#19#0#10000106,2021-10-06 07:09:53.113000,164.0,1.0,166.95,3.0,163.5,1.0,167.0,2.0,162.0,1.0,167.15,1.0,160.0,1.0,167.25,1.0,150.0,2.0,168.0,1.0,148.0,1.0,168.5,3.0,125.0,1.0,168.53,6.0,52.0,1.0,169.5,1.0,48.0,3.0,170.0,2.0,,,177.0,1.0
365,Germany_Baseload#19#0#10000106,2021-10-06 07:09:55.682000,164.0,1.0,166.95,3.0,163.5,1.0,167.0,2.0,162.05,1.0,167.15,1.0,162.0,1.0,167.25,1.0,160.0,1.0,168.0,1.0,150.0,2.0,168.5,3.0,148.0,1.0,168.53,6.0,125.0,1.0,169.5,1.0,52.0,1.0,170.0,2.0,48.0,3.0,177.0,1.0
366,Germany_Baseload#19#0#10000106,2021-10-06 07:09:55.683000,164.0,1.0,166.95,3.0,163.5,1.0,167.0,2.0,162.05,1.0,167.15,1.0,160.0,1.0,167.25,1.0,150.0,2.0,168.0,1.0,148.0,1.0,168.5,3.0,125.0,1.0,168.53,6.0,52.0,1.0,169.5,1.0,48.0,3.0,170.0,2.0,,,177.0,1.0
367,Germany_Baseload#19#0#10000106,2021-10-06 07:09:58.029000,164.0,1.0,166.95,3.0,163.5,1.0,167.0,2.0,162.1,1.0,167.15,1.0,160.0,1.0,167.25,1.0,150.0,2.0,168.0,1.0,148.0,1.0,168.5,3.0,125.0,1.0,168.53,6.0,52.0,1.0,169.5,1.0,48.0,3.0,170.0,2.0,,,177.0,1.0
368,Germany_Baseload#19#0#10000106,2021-10-06 07:09:59.902000,164.0,1.0,166.95,3.0,163.5,1.0,167.0,2.0,162.15,1.0,167.15,1.0,160.0,1.0,167.25,1.0,150.0,2.0,168.0,1.0,148.0,1.0,168.5,3.0,125.0,1.0,168.53,6.0,52.0,1.0,169.5,1.0,48.0,3.0,170.0,2.0,,,177.0,1.0
369,Germany_Baseload#19#0#10000106,2021-10-06 07:10:02.057000,164.0,1.0,166.95,3.0,163.5,1.0,167.0,2.0,162.2,1.0,167.15,1.0,160.0,1.0,167.25,1.0,150.0,2.0,168.0,1.0,148.0,1.0,168.5,3.0,125.0,1.0,168.53,6.0,52.0,1.0,169.5,1.0,48.0,3.0,170.0,2.0,,,177.0,1.0
370,Germany_Baseload#19#0#10000106,2021-10-06 07:10:14.470000,164.0,1.0,166.95,3.0,163.5,1.0,167.0,2.0,162.2,1.0,167.15,1.0,160.0,1.0,167.25,1.0,150.0,2.0,168.5,3.0,148.0,1.0,168.53,6.0,125.0,1.0,169.5,1.0,52.0,1.0,170.0,2.0,48.0,3.0,177.0,1.0,,,200.0,1.0
371,Germany_Baseload#19#0#10000106,2021-10-06 07:10:14.496000,164.0,1.0,166.95,3.0,163.5,1.0,167.0,2.0,160.0,1.0,167.15,1.0,150.0,2.0,167.25,1.0,148.0,1.0,168.5,3.0,125.0,1.0,168.53,6.0,52.0,1.0,169.5,1.0,48.0,3.0,170.0,2.0,,,177.0,1.0,,,200.0,1.0
372,Germany_Baseload#19#0#10000106,2021-10-06 07:10:18.426000,164.5,1.0,166.95,3.0,164.0,1.0,167.0,2.0,163.5,1.0,167.15,1.0,160.0,1.0,167.25,1.0,150.0,2.0,168.5,3.0,148.0,1.0,168.53,6.0,125.0,1.0,169.5,1.0,52.0,1.0,170.0,2.0,48.0,3.0,177.0,1.0,,,200.0,1.0
373,Germany_Baseload#19#0#10000106,2021-10-06 07:10:18.472000,164.5,1.0,166.95,3.0,164.47,2.0,167.0,2.0,164.0,1.0,167.15,1.0,163.5,1.0,167.25,1.0,160.0,1.0,168.5,3.0,150.0,2.0,168.53,6.0,148.0,1.0,169.5,1.0,125.0,1.0,170.0,2.0,52.0,1.0,177.0,1.0,48.0,3.0,200.0,1.0
374,Germany_Baseload#19#0#10000106,2021-10-06 07:10:23.461000,164.5,1.0,166.95,1.0,164.47,2.0,167.0,2.0,164.0,1.0,167.15,1.0,163.5,1.0,167.25,1.0,160.0,1.0,168.5,3.0,150.0,2.0,168.53,6.0,148.0,1.0,169.5,1.0,125.0,1.0,170.0,2.0,52.0,1.0,177.0,1.0,48.0,3.0,200.0,1.0
375,Germany_Baseload#19#0#10000106,2021-10-06 07:10:33.570000,164.5,1.0,166.95,3.0,164.47,2.0,167.0,2.0,164.0,1.0,167.15,1.0,163.5,1.0,167.25,1.0,160.0,1.0,168.5,3.0,150.0,2.0,168.53,6.0,148.0,1.0,169.5,1.0,125.0,1.0,170.0,2.0,52.0,1.0,177.0,1.0,48.0,3.0,200.0,1.0
376,Germany_Baseload#19#0#10000106,2021-10-06 07:10:37.592000,164.5,1.0,166.95,3.0,164.47,2.0,167.0,2.0,164.0,1.0,167.15,1.0,163.5,1.0,167.25,1.0,163.25,1.0,168.5,3.0,160.0,1.0,168.53,6.0,150.0,2.0,169.5,1.0,148.0,1.0,170.0,2.0,125.0,1.0,177.0,1.0,52.0,1.0,200.0,1.0
377,Germany_Baseload#19#0#10000106,2021-10-06 07:10:54.482000,164.5,1.0,166.95,3.0,164.47,2.0,167.0,2.0,164.0,1.0,167.15,1.0,163.5,1.0,167.25,1.0,163.25,1.0,167.75,1.0,160.0,1.0,168.5,3.0,150.0,2.0,168.53,6.0,148.0,1.0,169.5,1.0,125.0,1.0,170.0,2.0,52.0,1.0,177.0,1.0
378,Germany_Baseload#19#0#10000106,2021-10-06 07:11:07.759000,164.5,1.0,166.95,1.0,164.47,2.0,167.0,2.0,164.0,1.0,167.15,1.0,163.5,1.0,167.25,1.0,163.25,1.0,167.75,1.0,160.0,1.0,168.5,3.0,150.0,2.0,168.53,6.0,148.0,1.0,169.5,1.0,125.0,1.0,170.0,2.0,52.0,1.0,177.0,1.0
379,Germany_Baseload#19#0#10000106,2021-10-06 07:11:08.427000,164.5,1.0,166.95,3.0,164.47,2.0,167.0,2.0,164.0,1.0,167.15,1.0,163.5,1.0,167.25,1.0,163.25,1.0,167.75,1.0,160.0,1.0,168.5,3.0,150.0,2.0,168.53,6.0,148.0,1.0,169.5,1.0,125.0,1.0,170.0,2.0,52.0,1.0,177.0,1.0
380,Germany_Baseload#19#0#10000106,2021-10-06 07:11:29.100000,164.5,1.0,166.95,3.0,164.47,2.0,167.0,2.0,164.0,1.0,167.15,1.0,163.5,1.0,167.25,1.0,160.0,1.0,167.75,1.0,150.0,2.0,168.5,3.0,148.0,1.0,168.53,6.0,125.0,1.0,169.5,1.0,52.0,1.0,170.0,2.0,48.0,3.0,177.0,1.0
381,Germany_Baseload#19#0#10000106,2021-10-06 07:11:36.167000,164.5,1.0,166.95,3.0,164.47,2.0,167.0,2.0,163.5,1.0,167.15,1.0,161.8,1.0,167.25,1.0,160.0,1.0,167.75,1.0,150.0,2.0,168.5,3.0,148.0,1.0,168.53,6.0,125.0,1.0,169.5,1.0,52.0,1.0,170.0,2.0,48.0,3.0,177.0,1.0
382,Germany_Baseload#19#0#10000106,2021-10-06 07:11:36.326000,164.5,1.0,166.95,3.0,164.47,2.0,167.0,2.0,163.5,1.0,167.15,1.0,160.0,1.0,167.25,1.0,150.0,2.0,167.75,1.0,148.0,1.0,168.5,3.0,125.0,1.0,168.53,6.0,52.0,1.0,169.5,1.0,48.0,3.0,170.0,2.0,,,177.0,1.0
383,Germany_Baseload#19#0#10000106,2021-10-06 07:11:36.642000,164.5,1.0,166.95,3.0,164.47,2.0,167.0,2.0,163.5,1.0,167.15,1.0,163.49,1.0,167.25,1.0,161.8,1.0,167.75,1.0,160.0,1.0,168.5,3.0,150.0,2.0,168.53,6.0,148.0,1.0,169.5,1.0,125.0,1.0,170.0,2.0,52.0,1.0,177.0,1.0
384,Germany_Baseload#19#0#10000106,2021-10-06 07:11:51.560000,164.47,2.0,166.95,3.0,163.5,1.0,167.0,2.0,163.49,1.0,167.15,1.0,161.8,1.0,167.25,1.0,160.0,1.0,167.75,1.0,150.0,2.0,168.5,3.0,148.0,1.0,168.53,6.0,125.0,1.0,169.5,1.0,52.0,1.0,170.0,2.0,48.0,3.0,177.0,1.0
385,Germany_Baseload#19#0#10000106,2021-10-06 07:11:51.600000,164.47,1.0,166.95,3.0,163.5,1.0,167.0,2.0,163.49,1.0,167.15,1.0,161.8,1.0,167.25,1.0,160.0,1.0,167.75,1.0,150.0,2.0,168.5,3.0,148.0,1.0,168.53,6.0,125.0,1.0,169.5,1.0,52.0,1.0,170.0,2.0,48.0,3.0,177.0,1.0
386,Germany_Baseload#19#0#10000106,2021-10-06 07:11:51.604000,163.5,1.0,166.95,3.0,163.49,1.0,167.0,2.0,161.8,1.0,167.15,1.0,160.0,1.0,167.25,1.0,150.0,2.0,167.75,1.0,148.0,1.0,168.5,3.0,125.0,1.0,168.53,6.0,52.0,1.0,169.5,1.0,48.0,3.0,170.0,2.0,,,177.0,1.0
387,Germany_Baseload#19#0#10000106,2021-10-06 07:11:55.213000,163.5,1.0,166.95,3.0,163.49,1.0,167.0,2.0,160.0,1.0,167.15,1.0,150.0,2.0,167.25,1.0,148.0,1.0,167.75,1.0,125.0,1.0,168.5,3.0,52.0,1.0,168.53,6.0,48.0,3.0,169.5,1.0,,,170.0,2.0,,,177.0,1.0
388,Germany_Baseload#19#0#10000106,2021-10-06 07:12:02.507000,163.5,1.0,166.95,3.0,163.49,1.0,167.0,2.0,160.0,1.0,167.15,1.0,150.0,2.0,167.25,1.0,148.0,1.0,167.5,1.0,125.0,1.0,167.75,1.0,52.0,1.0,168.5,3.0,48.0,3.0,168.53,6.0,,,169.5,1.0,,,170.0,2.0
389,Germany_Baseload#19#0#10000106,2021-10-06 07:12:02.508000,163.5,1.0,166.95,3.0,163.49,1.0,167.0,2.0,160.0,1.0,167.15,1.0,150.0,2.0,167.25,1.0,148.0,1.0,167.5,1.0,125.0,1.0,168.5,3.0,52.0,1.0,168.53,6.0,48.0,3.0,169.5,1.0,,,170.0,2.0,,,177.0,1.0
390,Germany_Baseload#19#0#10000106,2021-10-06 07:12:11.490000,163.5,1.0,166.95,3.0,163.49,1.0,167.0,2.0,160.5,1.0,167.15,1.0,160.0,1.0,167.25,1.0,150.0,2.0,167.5,1.0,148.0,1.0,168.5,3.0,125.0,1.0,168.53,6.0,52.0,1.0,169.5,1.0,48.0,3.0,170.0,2.0,,,177.0,1.0
391,Germany_Baseload#19#0#10000106,2021-10-06 07:12:36.460000,163.5,1.0,166.95,2.0,163.49,1.0,167.0,2.0,160.5,1.0,167.15,1.0,160.0,1.0,167.25,1.0,150.0,2.0,167.5,1.0,148.0,1.0,168.5,3.0,125.0,1.0,168.53,6.0,52.0,1.0,169.5,1.0,48.0,3.0,170.0,2.0,,,177.0,1.0
392,Germany_Baseload#19#0#10000106,2021-10-06 07:12:36.558000,163.5,1.0,167.0,2.0,163.49,1.0,167.15,1.0,160.5,1.0,167.25,1.0,160.0,1.0,167.5,1.0,150.0,2.0,168.5,3.0,148.0,1.0,168.53,6.0,125.0,1.0,169.5,1.0,52.0,1.0,170.0,2.0,48.0,3.0,177.0,1.0,,,200.0,1.0
393,Germany_Baseload#19#0#10000106,2021-10-06 07:12:52.090000,164.0,1.0,167.0,2.0,163.5,1.0,167.15,1.0,163.49,1.0,167.25,1.0,160.5,1.0,167.5,1.0,160.0,1.0,168.5,3.0,150.0,2.0,168.53,6.0,148.0,1.0,169.5,1.0,125.0,1.0,170.0,2.0,52.0,1.0,177.0,1.0,48.0,3.0,200.0,1.0
394,Germany_Baseload#19#0#10000106,2021-10-06 07:12:52.236000,164.0,1.0,167.0,2.0,163.5,1.0,167.15,1.0,160.5,1.0,167.25,1.0,160.0,1.0,167.5,1.0,150.0,2.0,168.5,3.0,148.0,1.0,168.53,6.0,125.0,1.0,169.5,1.0,52.0,1.0,170.0,2.0,48.0,3.0,177.0,1.0,,,200.0,1.0
395,Germany_Baseload#19#0#10000106,2021-10-06 07:12:59.594000,164.0,1.0,167.0,2.0,163.5,1.0,167.15,1.0,162.0,1.0,167.25,1.0,160.0,1.0,167.5,1.0,150.0,2.0,168.5,3.0,148.0,1.0,168.53,6.0,125.0,1.0,169.5,1.0,52.0,1.0,170.0,2.0,48.0,3.0,177.0,1.0,,,200.0,1.0
396,Germany_Baseload#19#0#10000106,2021-10-06 07:13:55.261000,164.0,1.0,166.99,2.0,163.5,1.0,167.0,2.0,162.0,1.0,167.15,1.0,160.0,1.0,167.25,1.0,150.0,2.0,167.5,1.0,148.0,1.0,168.5,3.0,125.0,1.0,168.53,6.0,52.0,1.0,169.5,1.0,48.0,3.0,170.0,2.0,,,177.0,1.0
397,Germany_Baseload#19#0#10000106,2021-10-06 07:13:55.388000,164.0,1.0,166.98,2.0,163.5,1.0,166.99,2.0,162.0,1.0,167.0,2.0,160.0,1.0,167.15,1.0,150.0,2.0,167.25,1.0,148.0,1.0,167.5,1.0,125.0,1.0,168.5,3.0,52.0,1.0,168.53,6.0,48.0,3.0,169.5,1.0,,,170.0,2.0
398,Germany_Baseload#19#0#10000106,2021-10-06 07:13:55.389000,164.0,1.0,166.98,2.0,163.5,1.0,167.0,2.0,162.0,1.0,167.15,1.0,160.0,1.0,167.25,1.0,150.0,2.0,167.5,1.0,148.0,1.0,168.5,3.0,125.0,1.0,168.53,6.0,52.0,1.0,169.5,1.0,48.0,3.0,170.0,2.0,,,177.0,1.0
399,Germany_Baseload#19#0#10000106,2021-10-06 07:14:08.499000,164.0,1.0,167.0,2.0,163.5,1.0,167.15,1.0,162.0,1.0,167.25,1.0,160.0,1.0,167.5,1.0,150.0,2.0,168.5,3.0,148.0,1.0,168.53,6.0,125.0,1.0,169.5,1.0,52.0,1.0,170.0,2.0,48.0,3.0,177.0,1.0,,,200.0,1.0
400,Germany_Baseload#19#0#10000106,2021-10-06 07:14:11.640000,164.0,1.0,166.99,2.0,163.5,1.0,167.0,2.0,162.0,1.0,167.15,1.0,160.0,1.0,167.25,1.0,150.0,2.0,167.5,1.0,148.0,1.0,168.5,3.0,125.0,1.0,168.53,6.0,52.0,1.0,169.5,1.0,48.0,3.0,170.0,2.0,,,177.0,1.0
401,Germany_Baseload#19#0#10000106,2021-10-06 07:14:13.840000,164.0,1.0,166.98,2.0,163.5,1.0,167.0,2.0,162.0,1.0,167.15,1.0,160.0,1.0,167.25,1.0,150.0,2.0,167.5,1.0,148.0,1.0,168.5,3.0,125.0,1.0,168.53,6.0,52.0,1.0,169.5,1.0,48.0,3.0,170.0,2.0,,,177.0,1.0
402,Germany_Baseload#19#0#10000106,2021-10-06 07:14:21.040000,164.0,1.0,166.98,2.0,163.5,1.0,167.0,2.0,162.5,1.0,167.15,1.0,160.0,1.0,167.25,1.0,150.0,2.0,167.5,1.0,148.0,1.0,168.5,3.0,125.0,1.0,168.53,6.0,52.0,1.0,169.5,1.0,48.0,3.0,170.0,2.0,,,177.0,1.0
403,Germany_Baseload#19#0#10000106,2021-10-06 07:14:22.951000,164.0,1.0,167.0,2.0,163.5,1.0,167.15,1.0,162.5,1.0,167.25,1.0,160.0,1.0,167.5,1.0,150.0,2.0,168.5,3.0,148.0,1.0,168.53,6.0,125.0,1.0,169.5,1.0,52.0,1.0,170.0,2.0,48.0,3.0,177.0,1.0,,,200.0,1.0
404,Germany_Baseload#19#0#10000106,2021-10-06 07:14:25.865000,164.0,1.0,166.88,2.0,163.5,1.0,167.0,2.0,162.5,1.0,167.15,1.0,160.0,1.0,167.25,1.0,150.0,2.0,167.5,1.0,148.0,1.0,168.5,3.0,125.0,1.0,168.53,6.0,52.0,1.0,169.5,1.0,48.0,3.0,170.0,2.0,,,177.0,1.0
405,Germany_Baseload#19#0#10000106,2021-10-06 07:14:26.003000,164.0,1.0,166.87,2.0,163.5,1.0,166.88,2.0,162.5,1.0,167.0,2.0,160.0,1.0,167.15,1.0,150.0,2.0,167.25,1.0,148.0,1.0,167.5,1.0,125.0,1.0,168.5,3.0,52.0,1.0,168.53,6.0,48.0,3.0,169.5,1.0,,,170.0,2.0
406,Germany_Baseload#19#0#10000106,2021-10-06 07:14:26.004000,164.0,1.0,166.87,2.0,163.5,1.0,167.0,2.0,162.5,1.0,167.15,1.0,160.0,1.0,167.25,1.0,150.0,2.0,167.5,1.0,148.0,1.0,168.5,3.0,125.0,1.0,168.53,6.0,52.0,1.0,169.5,1.0,48.0,3.0,170.0,2.0,,,177.0,1.0
407,Germany_Baseload#19#0#10000106,2021-10-06 07:14:30.097000,163.5,1.0,166.87,2.0,162.5,1.0,167.0,2.0,160.0,1.0,167.15,1.0,150.0,2.0,167.25,1.0,148.0,1.0,167.5,1.0,125.0,1.0,168.5,3.0,52.0,1.0,168.53,6.0,48.0,3.0,169.5,1.0,,,170.0,2.0,,,177.0,1.0
408,Germany_Baseload#19#0#10000106,2021-10-06 07:14:30.436000,163.5,1.0,166.87,2.0,163.49,1.0,167.0,2.0,162.5,1.0,167.15,1.0,160.0,1.0,167.25,1.0,150.0,2.0,167.5,1.0,148.0,1.0,168.5,3.0,125.0,1.0,168.53,6.0,52.0,1.0,169.5,1.0,48.0,3.0,170.0,2.0,,,177.0,1.0
409,Germany_Baseload#19#0#10000106,2021-10-06 07:14:33.171000,163.5,1.0,167.0,2.0,163.49,1.0,167.15,1.0,162.5,1.0,167.25,1.0,160.0,1.0,167.5,1.0,150.0,2.0,168.5,3.0,148.0,1.0,168.53,6.0,125.0,1.0,169.5,1.0,52.0,1.0,170.0,2.0,48.0,3.0,177.0,1.0,,,200.0,1.0
410,Germany_Baseload#19#0#10000106,2021-10-06 07:14:41.406000,165.0,1.0,167.0,2.0,163.5,1.0,167.15,1.0,163.49,1.0,167.25,1.0,162.5,1.0,167.5,1.0,160.0,1.0,168.5,3.0,150.0,2.0,168.53,6.0,148.0,1.0,169.5,1.0,125.0,1.0,170.0,2.0,52.0,1.0,177.0,1.0,48.0,3.0,200.0,1.0
411,Germany_Baseload#19#0#10000106,2021-10-06 07:15:16.336000,165.0,1.0,167.0,5.0,163.5,1.0,167.15,1.0,163.49,1.0,167.25,1.0,162.5,1.0,167.5,1.0,160.0,1.0,168.53,6.0,150.0,2.0,169.5,1.0,148.0,1.0,170.0,2.0,125.0,1.0,177.0,1.0,52.0,1.0,200.0,1.0,48.0,3.0,,
412,Germany_Baseload#19#0#10000106,2021-10-06 07:15:16.367000,165.0,1.0,167.0,5.0,163.5,1.0,167.03,6.0,163.49,1.0,167.15,1.0,162.5,1.0,167.25,1.0,160.0,1.0,167.5,1.0,150.0,2.0,169.5,1.0,148.0,1.0,170.0,2.0,125.0,1.0,177.0,1.0,52.0,1.0,200.0,1.0,48.0,3.0,,
413,Germany_Baseload#19#0#10000106,2021-10-06 07:15:16.369000,165.0,1.0,167.0,5.0,163.5,1.0,167.15,1.0,163.49,1.0,167.25,1.0,162.5,1.0,167.5,1.0,160.0,1.0,168.53,3.0,150.0,2.0,169.5,1.0,148.0,1.0,170.0,2.0,125.0,1.0,177.0,1.0,52.0,1.0,200.0,1.0,48.0,3.0,,
414,Germany_Baseload#19#0#10000106,2021-10-06 07:15:16.374000,165.0,1.0,167.0,5.0,163.5,1.0,167.15,1.0,163.49,1.0,167.25,1.0,162.5,1.0,167.5,1.0,160.0,1.0,169.5,1.0,150.0,2.0,170.0,2.0,148.0,1.0,177.0,1.0,125.0,1.0,200.0,1.0,52.0,1.0,,,48.0,3.0,,
415,Germany_Baseload#19#0#10000106,2021-10-06 07:15:53.725000,165.1,1.0,167.0,5.0,165.0,1.0,167.03,6.0,163.5,1.0,167.15,1.0,163.49,1.0,167.25,1.0,162.5,1.0,167.5,1.0,160.0,1.0,169.5,1.0,150.0,2.0,170.0,2.0,148.0,1.0,177.0,1.0,125.0,1.0,200.0,1.0,52.0,1.0,,
416,Germany_Baseload#19#0#10000106,2021-10-06 07:16:00.616000,165.0,1.0,167.0,5.0,163.5,1.0,167.03,6.0,163.49,1.0,167.15,1.0,162.5,1.0,167.25,1.0,160.0,1.0,167.5,1.0,150.0,2.0,169.5,1.0,148.0,1.0,170.0,2.0,125.0,1.0,177.0,1.0,52.0,1.0,200.0,1.0,48.0,3.0,,
417,Germany_Baseload#19#0#10000106,2021-10-06 07:16:00.757000,165.1,1.0,167.0,5.0,165.0,1.0,167.03,6.0,163.5,1.0,167.15,1.0,163.49,1.0,167.25,1.0,162.5,1.0,167.5,1.0,160.0,1.0,169.5,1.0,150.0,2.0,170.0,2.0,148.0,1.0,177.0,1.0,125.0,1.0,200.0,1.0,52.0,1.0,,
418,Germany_Baseload#19#0#10000106,2021-10-06 07:16:17.558000,165.1,1.0,167.0,5.0,165.0,1.0,167.03,6.0,163.5,1.0,167.15,1.0,163.49,1.0,167.25,1.0,162.5,1.0,167.5,1.0,160.0,1.0,169.5,1.0,150.0,2.0,170.0,2.0,148.0,1.0,177.0,1.0,125.0,1.0,200.0,1.0,52.0,1.0,,
419,Germany_Baseload#19#0#10000106,2021-10-06 07:16:21.556000,165.1,1.0,166.9,5.0,165.0,1.0,167.0,5.0,163.5,1.0,167.03,6.0,163.49,1.0,167.15,1.0,162.5,1.0,167.25,1.0,160.0,1.0,167.5,1.0,150.0,2.0,169.5,1.0,148.0,1.0,170.0,2.0,125.0,1.0,177.0,1.0,52.0,1.0,200.0,1.0
420,Germany_Baseload#19#0#10000106,2021-10-06 07:16:21.860000,165.1,1.0,166.9,7.0,165.0,1.0,167.0,3.0,163.5,1.0,167.03,6.0,163.49,1.0,167.15,1.0,162.5,1.0,167.25,1.0,160.0,1.0,167.5,1.0,150.0,2.0,169.5,1.0,148.0,1.0,170.0,2.0,125.0,1.0,177.0,1.0,52.0,1.0,200.0,1.0
421,Germany_Baseload#19#0#10000106,2021-10-06 07:16:23.254000,165.1,1.0,166.8,5.0,165.0,1.0,166.9,2.0,163.5,1.0,167.0,3.0,163.49,1.0,167.03,6.0,162.5,1.0,167.15,1.0,160.0,1.0,167.25,1.0,150.0,2.0,167.5,1.0,148.0,1.0,169.5,1.0,125.0,1.0,170.0,2.0,52.0,1.0,177.0,1.0
422,Germany_Baseload#19#0#10000106,2021-10-06 07:16:23.409000,165.1,1.0,166.8,7.0,165.0,1.0,167.0,3.0,163.5,1.0,167.03,6.0,163.49,1.0,167.15,1.0,162.5,1.0,167.25,1.0,160.0,1.0,167.5,1.0,150.0,2.0,169.5,1.0,148.0,1.0,170.0,2.0,125.0,1.0,177.0,1.0,52.0,1.0,200.0,1.0
423,Germany_Baseload#19#0#10000106,2021-10-06 07:16:25.209000,165.1,1.0,166.8,2.0,165.0,1.0,167.0,5.0,163.5,1.0,167.03,6.0,163.49,1.0,167.15,1.0,162.5,1.0,167.25,1.0,160.0,1.0,167.5,1.0,150.0,2.0,169.5,1.0,148.0,1.0,170.0,2.0,125.0,1.0,177.0,1.0,52.0,1.0,200.0,1.0
424,Germany_Baseload#19#0#10000106,2021-10-06 07:16:25.545000,165.1,1.0,166.8,2.0,165.0,1.0,167.0,3.0,163.5,1.0,167.03,6.0,163.49,1.0,167.1,5.0,162.5,1.0,167.15,1.0,160.0,1.0,167.25,1.0,150.0,2.0,167.5,1.0,148.0,1.0,169.5,1.0,125.0,1.0,170.0,2.0,52.0,1.0,177.0,1.0
425,Germany_Baseload#19#0#10000106,2021-10-06 07:16:26.144000,165.1,1.0,167.0,2.0,165.0,1.0,167.03,6.0,163.5,1.0,167.1,5.0,163.49,1.0,167.15,1.0,162.5,1.0,167.25,1.0,160.0,1.0,167.5,1.0,150.0,2.0,169.5,1.0,148.0,1.0,170.0,2.0,125.0,1.0,177.0,1.0,52.0,1.0,200.0,1.0
426,Germany_Baseload#19#0#10000106,2021-10-06 07:16:49.303000,165.1,1.0,166.9,5.0,165.0,1.0,167.0,2.0,163.5,1.0,167.03,6.0,163.49,1.0,167.15,1.0,162.5,1.0,167.25,1.0,160.0,1.0,167.5,1.0,150.0,2.0,169.5,1.0,148.0,1.0,170.0,2.0,125.0,1.0,177.0,1.0,52.0,1.0,200.0,1.0
427,Germany_Baseload#19#0#10000106,2021-10-06 07:16:49.556000,165.1,1.0,166.9,7.0,165.0,1.0,167.0,3.0,163.5,1.0,167.03,6.0,163.49,1.0,167.15,1.0,162.5,1.0,167.25,1.0,160.0,1.0,167.5,1.0,150.0,2.0,169.5,1.0,148.0,1.0,170.0,2.0,125.0,1.0,177.0,1.0,52.0,1.0,200.0,1.0
428,Germany_Baseload#19#0#10000106,2021-10-06 07:17:47.481000,165.1,1.0,166.6,5.0,165.0,1.0,166.9,2.0,163.5,1.0,167.0,3.0,163.49,1.0,167.03,6.0,162.5,1.0,167.15,1.0,160.0,1.0,167.25,1.0,150.0,2.0,167.5,1.0,148.0,1.0,169.5,1.0,125.0,1.0,170.0,2.0,52.0,1.0,177.0,1.0
429,Germany_Baseload#19#0#10000106,2021-10-06 07:17:47.839000,165.1,1.0,166.6,7.0,165.0,1.0,167.0,3.0,163.5,1.0,167.03,6.0,163.49,1.0,167.15,1.0,162.5,1.0,167.25,1.0,160.0,1.0,167.5,1.0,150.0,2.0,169.5,1.0,148.0,1.0,170.0,2.0,125.0,1.0,177.0,1.0,52.0,1.0,200.0,1.0
430,Germany_Baseload#19#0#10000106,2021-10-06 07:17:56.253000,165.1,1.0,166.6,7.0,165.0,1.0,167.0,3.0,163.5,1.0,167.03,6.0,163.49,1.0,167.15,1.0,162.0,1.0,167.25,1.0,160.0,1.0,167.5,1.0,150.0,2.0,169.5,1.0,148.0,1.0,170.0,2.0,125.0,1.0,177.0,1.0,52.0,1.0,200.0,1.0
