,key,Datetime,BidPrice_0,BidVolume_0,AskPrice_0,AskVolume_0,BidPrice_1,BidVolume_1,AskPrice_1,AskVolume_1,BidPrice_2,BidVolume_2,AskPrice_2,AskVolume_2,BidPrice_3,BidVolume_3,AskPrice_3,AskVolume_3,BidPrice_4,BidVolume_4,AskPrice_4,AskVolume_4,BidPrice_5,BidVolume_5,AskPrice_5,AskVolume_5,BidPrice_6,BidVolume_6,AskPrice_6,AskVolume_6,BidPrice_7,BidVolume_7,AskPrice_7,AskVolume_7,BidPrice_8,BidVolume_8,AskPrice_8,AskVolume_8,BidPrice_9,BidVolume_9,AskPrice_9,AskVolume_9
0,Germany_Baseload#19#0#10000106,2021-10-19 06:00:01.885000,115.0,3.0,,,52.0,1.0,,,48.0,3.0,,,,,,,,,,,,,,,,,,,,,,,,,,,,,,
1,Germany_Baseload#19#0#10000106,2021-10-19 06:01:41.227000,115.0,3.0,132.0,1.0,52.0,1.0,,,48.0,3.0,,,,,,,,,,,,,,,,,,,,,,,,,,,,,,
2,Germany_Baseload#19#0#10000106,2021-10-19 06:01:43.730000,115.0,3.0,127.0,1.0,52.0,1.0,132.0,1.0,48.0,3.0,,,,,,,,,,,,,,,,,,,,,,,,,,,,,,
3,Germany_Baseload#19#0#10000106,2021-10-19 06:05:01.359000,115.0,3.0,127.0,2.0,52.0,1.0,132.0,1.0,48.0,3.0,,,,,,,,,,,,,,,,,,,,,,,,,,,,,,
4,Germany_Baseload#19#0#10000106,2021-10-19 06:05:31.012000,120.0,1.0,127.0,2.0,115.0,3.0,132.0,1.0,52.0,1.0,,,48.0,3.0,,,,,,,,,,,,,,,,,,,,,,,,,,
5,Germany_Baseload#19#0#10000106,2021-10-19 06:05:43.351000,120.0,1.0,127.0,1.0,115.0,3.0,132.0,1.0,52.0,1.0,,,48.0,3.0,,,,,,,,,,,,,,,,,,,,,,,,,,
6,Germany_Baseload#19#0#10000106,2021-10-19 06:11:01.533000,120.0,1.0,125.5,2.0,115.0,3.0,127.0,1.0,52.0,1.0,132.0,1.0,48.0,3.0,,,,,,,,,,,,,,,,,,,,,,,,,,
7,Germany_Baseload#19#0#10000106,2021-10-19 06:11:27.228000,120.0,1.0,125.6,2.0,115.0,3.0,127.0,1.0,52.0,1.0,132.0,1.0,48.0,3.0,,,,,,,,,,,,,,,,,,,,,,,,,,
8,Germany_Baseload#19#0#10000106,2021-10-19 06:11:30.730000,120.0,4.0,125.6,2.0,52.0,1.0,127.0,1.0,48.0,3.0,132.0,1.0,,,,,,,,,,,,,,,,,,,,,,,,,,,,
9,Germany_Baseload#19#0#10000106,2021-10-19 06:11:35.359000,120.0,4.0,125.55,2.0,52.0,1.0,127.0,1.0,48.0,3.0,132.0,1.0,,,,,,,,,,,,,,,,,,,,,,,,,,,,
10,Germany_Baseload#19#0#10000106,2021-10-19 06:12:23.367000,120.0,4.0,125.6,2.0,52.0,1.0,127.0,1.0,48.0,3.0,132.0,1.0,,,,,,,,,,,,,,,,,,,,,,,,,,,,
11,Germany_Baseload#19#0#10000106,2021-10-19 06:13:01.360000,120.0,4.0,125.55,2.0,52.0,1.0,127.0,1.0,48.0,3.0,132.0,1.0,,,,,,,,,,,,,,,,,,,,,,,,,,,,
12,Germany_Baseload#19#0#10000106,2021-10-19 06:13:12.430000,120.0,4.0,125.5,2.0,52.0,1.0,127.0,1.0,48.0,3.0,132.0,1.0,,,,,,,,,,,,,,,,,,,,,,,,,,,,
13,Germany_Baseload#19#0#10000106,2021-10-19 06:13:23.452000,120.0,4.0,125.6,2.0,52.0,1.0,127.0,1.0,48.0,3.0,132.0,1.0,,,,,,,,,,,,,,,,,,,,,,,,,,,,
14,Germany_Baseload#19#0#10000106,2021-10-19 06:13:30.148000,120.0,4.0,125.55,2.0,52.0,1.0,127.0,1.0,48.0,3.0,132.0,1.0,,,,,,,,,,,,,,,,,,,,,,,,,,,,
15,Germany_Baseload#19#0#10000106,2021-10-19 06:13:33.977000,120.0,4.0,125.55,2.0,52.0,1.0,125.6,2.0,48.0,3.0,127.0,1.0,,,132.0,1.0,,,,,,,,,,,,,,,,,,,,,,,,
16,Germany_Baseload#19#0#10000106,2021-10-19 06:13:33.978000,120.0,4.0,125.6,2.0,52.0,1.0,127.0,1.0,48.0,3.0,132.0,1.0,,,,,,,,,,,,,,,,,,,,,,,,,,,,
17,Germany_Baseload#19#0#10000106,2021-10-19 06:13:47.505000,120.0,4.0,125.55,2.0,52.0,1.0,127.0,1.0,48.0,3.0,132.0,1.0,,,,,,,,,,,,,,,,,,,,,,,,,,,,
18,Germany_Baseload#19#0#10000106,2021-10-19 06:14:40.880000,120.0,4.0,125.5,2.0,52.0,1.0,127.0,1.0,48.0,3.0,132.0,1.0,,,,,,,,,,,,,,,,,,,,,,,,,,,,
19,Germany_Baseload#19#0#10000106,2021-10-19 06:16:15.086000,120.0,4.0,125.6,2.0,52.0,1.0,127.0,1.0,48.0,3.0,132.0,1.0,,,,,,,,,,,,,,,,,,,,,,,,,,,,
20,Germany_Baseload#19#0#10000106,2021-10-19 06:16:20.232000,120.0,4.0,125.55,2.0,52.0,1.0,127.0,1.0,48.0,3.0,132.0,1.0,,,,,,,,,,,,,,,,,,,,,,,,,,,,
21,Germany_Baseload#19#0#10000106,2021-10-19 06:16:51.352000,120.0,4.0,125.55,2.0,52.0,1.0,127.0,1.0,48.0,3.0,132.0,1.0,,,132.15,2.0,,,,,,,,,,,,,,,,,,,,,,,,
22,Germany_Baseload#19#0#10000106,2021-10-19 06:16:52.753000,120.0,4.0,125.6,2.0,52.0,1.0,127.0,1.0,48.0,3.0,132.0,1.0,,,132.15,2.0,,,,,,,,,,,,,,,,,,,,,,,,
23,Germany_Baseload#19#0#10000106,2021-10-19 06:17:11.034000,121.5,1.0,125.6,2.0,120.0,4.0,127.0,1.0,52.0,1.0,132.0,1.0,48.0,3.0,132.15,2.0,,,,,,,,,,,,,,,,,,,,,,,,
24,Germany_Baseload#19#0#10000106,2021-10-19 06:17:15.936000,121.5,1.0,125.6,2.0,120.0,4.0,127.0,1.0,114.0,1.0,132.0,1.0,52.0,1.0,132.15,2.0,48.0,3.0,,,,,,,,,,,,,,,,,,,,,,
25,Germany_Baseload#19#0#10000106,2021-10-19 06:17:23.524000,121.5,1.0,125.55,2.0,120.0,4.0,125.6,2.0,114.0,1.0,127.0,1.0,52.0,1.0,132.0,1.0,48.0,3.0,132.15,2.0,,,,,,,,,,,,,,,,,,,,
26,Germany_Baseload#19#0#10000106,2021-10-19 06:17:23.525000,121.5,1.0,125.55,2.0,120.0,4.0,127.0,1.0,114.0,1.0,132.0,1.0,52.0,1.0,132.15,2.0,48.0,3.0,,,,,,,,,,,,,,,,,,,,,,
27,Germany_Baseload#19#0#10000106,2021-10-19 06:17:44.625000,121.5,1.0,125.5,2.0,120.0,4.0,127.0,1.0,114.0,1.0,132.0,1.0,52.0,1.0,132.15,2.0,48.0,3.0,,,,,,,,,,,,,,,,,,,,,,
28,Germany_Baseload#19#0#10000106,2021-10-19 06:18:07.155000,121.5,1.0,125.45,2.0,120.0,4.0,127.0,1.0,114.0,1.0,132.0,1.0,52.0,1.0,132.15,2.0,48.0,3.0,,,,,,,,,,,,,,,,,,,,,,
29,Germany_Baseload#19#0#10000106,2021-10-19 06:18:13.147000,121.5,1.0,125.4,2.0,120.0,4.0,127.0,1.0,114.0,1.0,132.0,1.0,52.0,1.0,132.15,2.0,48.0,3.0,,,,,,,,,,,,,,,,,,,,,,
30,Germany_Baseload#19#0#10000106,2021-10-19 06:18:31.752000,121.5,1.0,125.4,2.0,120.0,1.0,127.0,1.0,116.0,3.0,132.0,1.0,114.0,1.0,132.15,2.0,52.0,1.0,,,48.0,3.0,,,,,,,,,,,,,,,,,,
31,Germany_Baseload#19#0#10000106,2021-10-19 06:18:44.565000,121.5,1.0,125.4,2.0,120.0,1.0,127.0,1.0,116.0,4.0,132.0,1.0,114.0,1.0,132.15,2.0,52.0,1.0,,,48.0,3.0,,,,,,,,,,,,,,,,,,
32,Germany_Baseload#19#0#10000106,2021-10-19 06:21:18.247000,121.5,1.0,125.4,2.0,120.0,1.0,127.0,1.0,118.5,1.0,132.0,1.0,116.0,4.0,132.15,2.0,114.0,1.0,,,52.0,1.0,,,48.0,3.0,,,,,,,,,,,,,,
33,Germany_Baseload#19#0#10000106,2021-10-19 06:22:11.677000,121.0,1.0,125.4,2.0,120.0,1.0,127.0,1.0,118.5,1.0,132.0,1.0,116.0,4.0,132.15,2.0,114.0,1.0,,,52.0,1.0,,,48.0,3.0,,,,,,,,,,,,,,
34,Germany_Baseload#19#0#10000106,2021-10-19 06:24:01.485000,121.0,1.0,125.6,2.0,120.0,1.0,127.0,1.0,118.5,1.0,132.0,1.0,116.0,4.0,132.15,2.0,114.0,1.0,,,52.0,1.0,,,48.0,3.0,,,,,,,,,,,,,,
35,Germany_Baseload#19#0#10000106,2021-10-19 06:24:16.281000,121.0,1.0,122.0,1.0,120.0,1.0,125.6,2.0,118.5,1.0,127.0,1.0,116.0,4.0,132.0,1.0,114.0,1.0,132.15,2.0,52.0,1.0,,,48.0,3.0,,,,,,,,,,,,,,
36,Germany_Baseload#19#0#10000106,2021-10-19 06:24:16.490000,121.0,1.0,122.0,1.0,120.0,1.0,127.0,1.0,118.5,1.0,132.0,1.0,116.0,4.0,132.15,2.0,114.0,1.0,,,52.0,1.0,,,48.0,3.0,,,,,,,,,,,,,,
37,Germany_Baseload#19#0#10000106,2021-10-19 06:24:23.287000,120.0,1.0,122.0,1.0,118.5,1.0,127.0,1.0,116.0,4.0,132.0,1.0,114.0,1.0,132.15,2.0,52.0,1.0,,,48.0,3.0,,,,,,,,,,,,,,,,,,
38,Germany_Baseload#19#0#10000106,2021-10-19 06:25:15.342000,120.0,1.0,122.0,1.0,118.5,1.0,127.0,1.0,116.0,4.0,132.0,1.0,114.0,1.0,132.15,2.0,52.0,1.0,133.4,5.0,48.0,3.0,,,,,,,,,,,,,,,,,,
39,Germany_Baseload#19#0#10000106,2021-10-19 06:25:17.777000,120.0,1.0,122.0,1.0,118.5,1.0,127.0,1.0,116.0,4.0,132.0,1.0,114.0,1.0,132.15,2.0,52.0,1.0,,,48.0,3.0,,,,,,,,,,,,,,,,,,
40,Germany_Baseload#19#0#10000106,2021-10-19 06:25:19.350000,120.0,1.0,122.0,1.0,118.5,1.0,127.0,1.0,116.0,4.0,132.0,1.0,114.0,1.0,132.15,2.0,52.0,1.0,133.4,5.0,48.0,3.0,,,,,,,,,,,,,,,,,,
41,Germany_Baseload#19#0#10000106,2021-10-19 06:25:20.357000,120.0,1.0,122.0,1.0,118.5,1.0,127.0,1.0,116.0,4.0,132.0,1.0,114.0,1.0,132.15,2.0,52.0,1.0,,,48.0,3.0,,,,,,,,,,,,,,,,,,
42,Germany_Baseload#19#0#10000106,2021-10-19 06:25:28.420000,120.0,1.0,122.0,1.0,118.5,1.0,127.0,1.0,116.0,4.0,132.0,1.0,114.0,1.0,132.15,2.0,52.0,1.0,133.4,5.0,48.0,3.0,,,,,,,,,,,,,,,,,,
43,Germany_Baseload#19#0#10000106,2021-10-19 06:25:32.401000,120.0,1.0,122.0,1.0,118.5,1.0,127.0,1.0,116.0,4.0,132.0,1.0,114.0,1.0,132.15,2.0,52.0,1.0,,,48.0,3.0,,,,,,,,,,,,,,,,,,
44,Germany_Baseload#19#0#10000106,2021-10-19 06:25:37.251000,120.0,1.0,122.0,1.0,118.5,1.0,127.0,1.0,116.0,4.0,132.0,1.0,114.0,1.0,132.15,2.0,52.0,1.0,133.4,5.0,48.0,3.0,,,,,,,,,,,,,,,,,,
45,Germany_Baseload#19#0#10000106,2021-10-19 06:25:40.686000,120.0,1.0,122.0,1.0,118.5,1.0,127.0,1.0,116.0,4.0,132.0,1.0,114.0,1.0,132.15,2.0,52.0,1.0,,,48.0,3.0,,,,,,,,,,,,,,,,,,
46,Germany_Baseload#19#0#10000106,2021-10-19 06:25:46.157000,120.0,1.0,122.0,1.0,118.5,1.0,127.0,1.0,116.0,4.0,132.0,1.0,114.0,1.0,132.15,2.0,52.0,1.0,133.4,5.0,48.0,3.0,,,,,,,,,,,,,,,,,,
47,Germany_Baseload#19#0#10000106,2021-10-19 06:25:47.783000,120.0,1.0,121.0,1.0,118.5,1.0,122.0,1.0,116.0,4.0,127.0,1.0,114.0,1.0,132.0,1.0,52.0,1.0,132.15,2.0,48.0,3.0,133.4,5.0,,,,,,,,,,,,,,,,
48,Germany_Baseload#19#0#10000106,2021-10-19 06:25:48.177000,120.0,1.0,121.0,1.0,118.5,1.0,122.0,1.0,116.0,4.0,127.0,1.0,114.0,1.0,132.0,1.0,52.0,1.0,132.15,2.0,48.0,3.0,,,,,,,,,,,,,,,,,,
49,Germany_Baseload#19#0#10000106,2021-10-19 06:25:55.041000,120.0,1.0,121.0,1.0,118.5,1.0,122.0,1.0,116.0,4.0,127.0,1.0,114.0,1.0,132.0,1.0,52.0,1.0,132.15,2.0,48.0,3.0,133.4,5.0,,,,,,,,,,,,,,,,
50,Germany_Baseload#19#0#10000106,2021-10-19 06:25:56.409000,120.0,1.0,121.0,1.0,118.5,1.0,122.0,1.0,116.0,4.0,127.0,1.0,114.0,1.0,132.0,1.0,52.0,1.0,132.15,2.0,48.0,3.0,,,,,,,,,,,,,,,,,,
51,Germany_Baseload#19#0#10000106,2021-10-19 06:26:03.835000,120.0,1.0,121.0,1.0,118.5,1.0,122.0,1.0,116.0,4.0,127.0,1.0,114.0,1.0,132.0,1.0,52.0,1.0,132.15,2.0,48.0,3.0,133.4,5.0,,,,,,,,,,,,,,,,
52,Germany_Baseload#19#0#10000106,2021-10-19 06:26:14.106000,120.0,1.0,121.0,1.0,118.5,1.0,122.0,1.0,116.0,4.0,127.0,1.0,114.0,1.0,132.0,1.0,52.0,1.0,132.15,2.0,48.0,3.0,133.4,5.0,,,,,,,,,,,,,,,,
53,Germany_Baseload#19#0#10000106,2021-10-19 06:26:29.012000,120.0,1.0,121.0,1.0,118.5,1.0,122.0,1.0,116.0,4.0,127.0,1.0,114.0,1.0,132.0,1.0,52.0,1.0,132.15,2.0,48.0,3.0,,,,,,,,,,,,,,,,,,
54,Germany_Baseload#19#0#10000106,2021-10-19 06:26:29.186000,120.0,1.0,121.0,1.0,118.5,1.0,122.0,1.0,116.0,4.0,127.0,1.0,114.0,1.0,132.0,1.0,52.0,1.0,132.15,2.0,48.0,3.0,133.4,5.0,,,,,,,,,,,,,,,,
55,Germany_Baseload#19#0#10000106,2021-10-19 06:26:33.135000,120.5,1.0,121.0,1.0,120.0,1.0,122.0,1.0,118.5,1.0,127.0,1.0,116.0,4.0,132.0,1.0,114.0,1.0,132.15,2.0,52.0,1.0,133.4,5.0,48.0,3.0,,,,,,,,,,,,,,
56,Germany_Baseload#19#0#10000106,2021-10-19 06:26:37.881000,120.0,1.0,121.0,1.0,118.5,1.0,122.0,1.0,116.0,4.0,127.0,1.0,114.0,1.0,132.0,1.0,52.0,1.0,132.15,2.0,48.0,3.0,133.4,5.0,,,,,,,,,,,,,,,,
57,Germany_Baseload#19#0#10000106,2021-10-19 06:26:41.823000,120.0,1.0,120.5,1.0,118.5,1.0,121.0,1.0,116.0,4.0,122.0,1.0,114.0,1.0,127.0,1.0,52.0,1.0,132.0,1.0,48.0,3.0,132.15,2.0,,,133.4,5.0,,,,,,,,,,,,
58,Germany_Baseload#19#0#10000106,2021-10-19 06:26:42.156000,120.0,1.0,120.5,1.0,116.0,4.0,121.0,1.0,114.0,1.0,122.0,1.0,52.0,1.0,127.0,1.0,48.0,3.0,132.0,1.0,,,132.15,2.0,,,133.4,5.0,,,,,,,,,,,,
59,Germany_Baseload#19#0#10000106,2021-10-19 06:26:44.112000,120.0,1.0,120.5,1.0,116.0,4.0,121.0,1.0,114.0,1.0,122.0,1.0,52.0,1.0,127.0,1.0,48.0,3.0,132.0,1.0,,,132.15,2.0,,,133.4,5.0,,,,,,,,,,,,
60,Germany_Baseload#19#0#10000106,2021-10-19 06:26:44.491000,120.0,1.0,120.5,1.0,116.0,4.0,121.0,1.0,114.0,1.0,122.0,1.0,52.0,1.0,127.0,1.0,48.0,3.0,132.0,1.0,,,132.15,2.0,,,,,,,,,,,,,,,,
61,Germany_Baseload#19#0#10000106,2021-10-19 06:26:45.604000,116.0,4.0,120.5,1.0,114.0,1.0,121.0,1.0,52.0,1.0,122.0,1.0,48.0,3.0,127.0,1.0,,,132.0,1.0,,,132.15,2.0,,,,,,,,,,,,,,,,
62,Germany_Baseload#19#0#10000106,2021-10-19 06:26:48.293000,116.0,4.0,120.5,1.0,114.0,1.0,121.0,1.0,52.0,1.0,122.0,1.0,48.0,3.0,127.0,1.0,,,132.0,1.0,,,132.15,2.0,,,133.4,5.0,,,,,,,,,,,,
63,Germany_Baseload#19#0#10000106,2021-10-19 06:26:48.747000,116.0,4.0,120.5,1.0,114.0,1.0,122.0,1.0,52.0,1.0,127.0,1.0,48.0,3.0,132.0,1.0,,,132.15,2.0,,,133.4,5.0,,,,,,,,,,,,,,,,
64,Germany_Baseload#19#0#10000106,2021-10-19 06:26:48.990000,119.0,1.0,120.5,1.0,116.0,4.0,122.0,1.0,114.0,1.0,127.0,1.0,52.0,1.0,132.0,1.0,48.0,3.0,132.15,2.0,,,133.4,5.0,,,,,,,,,,,,,,,,
65,Germany_Baseload#19#0#10000106,2021-10-19 06:26:49.554000,119.0,1.0,120.5,1.0,116.0,4.0,122.0,1.0,114.0,1.0,127.0,1.0,52.0,1.0,132.0,1.0,48.0,3.0,132.15,2.0,,,,,,,,,,,,,,,,,,,,
66,Germany_Baseload#19#0#10000106,2021-10-19 06:26:57.692000,119.0,1.0,120.5,1.0,116.0,4.0,122.0,1.0,114.0,1.0,132.0,1.0,52.0,1.0,132.15,2.0,48.0,3.0,,,,,,,,,,,,,,,,,,,,,,
67,Germany_Baseload#19#0#10000106,2021-10-19 06:27:06.225000,119.0,1.0,120.5,1.0,116.0,4.0,122.0,1.0,114.0,1.0,132.0,1.0,52.0,1.0,132.15,2.0,48.0,3.0,133.4,5.0,,,,,,,,,,,,,,,,,,,,
68,Germany_Baseload#19#0#10000106,2021-10-19 06:27:07.833000,119.0,1.0,120.5,1.0,116.0,4.0,122.0,1.0,114.0,1.0,132.0,1.0,52.0,1.0,132.15,2.0,48.0,3.0,,,,,,,,,,,,,,,,,,,,,,
69,Germany_Baseload#19#0#10000106,2021-10-19 06:27:09.287000,119.0,1.0,120.5,1.0,116.0,4.0,121.0,1.0,114.0,1.0,122.0,1.0,52.0,1.0,132.0,1.0,48.0,3.0,132.15,2.0,,,,,,,,,,,,,,,,,,,,
70,Germany_Baseload#19#0#10000106,2021-10-19 06:27:13.195000,119.0,1.0,120.5,1.0,116.5,1.0,121.0,1.0,116.0,4.0,122.0,1.0,114.0,1.0,132.0,1.0,52.0,1.0,132.15,2.0,48.0,3.0,,,,,,,,,,,,,,,,,,
71,Germany_Baseload#19#0#10000106,2021-10-19 06:27:15.063000,119.0,1.0,120.5,1.0,116.5,1.0,121.0,1.0,116.0,4.0,122.0,1.0,114.0,1.0,132.0,1.0,52.0,1.0,132.15,2.0,48.0,3.0,133.4,5.0,,,,,,,,,,,,,,,,
72,Germany_Baseload#19#0#10000106,2021-10-19 06:27:15.663000,119.0,1.0,120.5,1.0,116.5,1.0,121.0,1.0,116.0,4.0,122.0,1.0,114.0,1.0,132.0,1.0,52.0,1.0,132.15,2.0,48.0,3.0,,,,,,,,,,,,,,,,,,
73,Germany_Baseload#19#0#10000106,2021-10-19 06:27:23.970000,119.0,1.0,120.5,1.0,116.5,1.0,121.0,1.0,116.0,4.0,122.0,1.0,114.0,1.0,132.0,1.0,52.0,1.0,132.15,2.0,48.0,3.0,133.4,5.0,,,,,,,,,,,,,,,,
74,Germany_Baseload#19#0#10000106,2021-10-19 06:27:25.549000,119.0,1.0,120.5,1.0,116.5,1.0,121.0,1.0,116.0,4.0,122.0,1.0,114.0,1.0,132.0,1.0,52.0,1.0,132.15,2.0,48.0,3.0,,,,,,,,,,,,,,,,,,
75,Germany_Baseload#19#0#10000106,2021-10-19 06:27:31.025000,119.0,2.0,120.5,1.0,116.5,1.0,121.0,1.0,116.0,4.0,122.0,1.0,114.0,1.0,132.0,1.0,52.0,1.0,132.15,2.0,48.0,3.0,,,,,,,,,,,,,,,,,,
76,Germany_Baseload#19#0#10000106,2021-10-19 06:27:32.958000,119.0,2.0,120.5,1.0,116.5,1.0,121.0,1.0,116.0,4.0,122.0,1.0,114.0,1.0,132.0,1.0,52.0,1.0,132.15,2.0,48.0,3.0,133.4,5.0,,,,,,,,,,,,,,,,
77,Germany_Baseload#19#0#10000106,2021-10-19 06:27:35.604000,119.0,2.0,120.5,1.0,116.5,1.0,121.0,1.0,116.0,4.0,122.0,1.0,114.0,1.0,132.0,1.0,52.0,1.0,132.15,2.0,48.0,3.0,,,,,,,,,,,,,,,,,,
78,Germany_Baseload#19#0#10000106,2021-10-19 06:27:39.194000,119.0,2.0,120.0,1.0,116.5,1.0,120.5,1.0,116.0,4.0,121.0,1.0,114.0,1.0,122.0,1.0,52.0,1.0,132.0,1.0,48.0,3.0,132.15,2.0,,,,,,,,,,,,,,,,
79,Germany_Baseload#19#0#10000106,2021-10-19 06:27:41.388000,119.0,1.0,120.0,1.0,116.5,1.0,120.5,1.0,116.0,4.0,121.0,1.0,114.0,1.0,122.0,1.0,52.0,1.0,132.0,1.0,48.0,3.0,132.15,2.0,,,,,,,,,,,,,,,,
80,Germany_Baseload#19#0#10000106,2021-10-19 06:27:41.858000,119.0,1.0,120.0,1.0,116.5,1.0,120.5,1.0,116.0,4.0,121.0,1.0,114.0,1.0,122.0,1.0,52.0,1.0,132.0,1.0,48.0,3.0,132.15,2.0,,,133.4,5.0,,,,,,,,,,,,
81,Germany_Baseload#19#0#10000106,2021-10-19 06:27:43.812000,119.0,2.0,120.0,1.0,116.5,1.0,120.5,1.0,116.0,4.0,121.0,1.0,114.0,1.0,122.0,1.0,52.0,1.0,132.0,1.0,48.0,3.0,132.15,2.0,,,133.4,5.0,,,,,,,,,,,,
82,Germany_Baseload#19#0#10000106,2021-10-19 06:27:49.251000,119.0,3.0,120.0,1.0,116.5,1.0,120.5,1.0,116.0,4.0,121.0,1.0,114.0,1.0,122.0,1.0,52.0,1.0,132.0,1.0,48.0,3.0,132.15,2.0,,,133.4,5.0,,,,,,,,,,,,
83,Germany_Baseload#19#0#10000106,2021-10-19 06:27:57.315000,119.0,3.0,120.0,1.0,116.5,1.0,120.5,1.0,116.0,4.0,121.0,1.0,114.0,1.0,122.0,5.0,52.0,1.0,132.0,1.0,48.0,3.0,132.15,2.0,,,133.4,5.0,,,,,,,,,,,,
84,Germany_Baseload#19#0#10000106,2021-10-19 06:28:03.036000,119.0,2.0,120.0,1.0,116.5,1.0,120.5,1.0,116.0,4.0,121.0,1.0,114.0,1.0,122.0,5.0,52.0,1.0,132.0,1.0,48.0,3.0,132.15,2.0,,,133.4,5.0,,,,,,,,,,,,
85,Germany_Baseload#19#0#10000106,2021-10-19 06:28:05.934000,116.5,1.0,120.0,1.0,116.0,4.0,120.5,1.0,114.0,1.0,121.0,1.0,52.0,1.0,122.0,5.0,48.0,3.0,132.0,1.0,,,132.15,2.0,,,133.4,5.0,,,,,,,,,,,,
86,Germany_Baseload#19#0#10000106,2021-10-19 06:28:07.997000,119.0,1.0,120.0,1.0,116.5,1.0,120.5,1.0,116.0,4.0,121.0,1.0,114.0,1.0,122.0,5.0,52.0,1.0,132.0,1.0,48.0,3.0,132.15,2.0,,,133.4,5.0,,,,,,,,,,,,
87,Germany_Baseload#19#0#10000106,2021-10-19 06:28:08.433000,119.0,1.0,120.0,1.0,116.5,1.0,120.5,1.0,116.0,4.0,121.0,1.0,114.0,1.0,122.0,5.0,52.0,1.0,132.0,1.0,48.0,3.0,132.15,2.0,,,,,,,,,,,,,,,,
88,Germany_Baseload#19#0#10000106,2021-10-19 06:28:11.759000,116.5,1.0,120.0,1.0,116.0,4.0,120.5,1.0,114.0,1.0,121.0,1.0,52.0,1.0,122.0,5.0,48.0,3.0,132.0,1.0,,,132.15,2.0,,,,,,,,,,,,,,,,
89,Germany_Baseload#19#0#10000106,2021-10-19 06:28:11.855000,119.0,1.0,120.0,1.0,116.5,1.0,120.5,1.0,116.0,4.0,121.0,1.0,114.0,1.0,122.0,5.0,52.0,1.0,132.0,1.0,48.0,3.0,132.15,2.0,,,,,,,,,,,,,,,,
90,Germany_Baseload#19#0#10000106,2021-10-19 06:28:12.441000,116.5,1.0,120.0,1.0,116.0,4.0,120.5,1.0,114.0,1.0,121.0,1.0,52.0,1.0,122.0,5.0,48.0,3.0,132.0,1.0,,,132.15,2.0,,,,,,,,,,,,,,,,
91,Germany_Baseload#19#0#10000106,2021-10-19 06:28:12.935000,119.0,1.0,120.0,1.0,116.5,1.0,120.5,1.0,116.0,4.0,121.0,1.0,114.0,1.0,122.0,5.0,52.0,1.0,132.0,1.0,48.0,3.0,132.15,2.0,,,,,,,,,,,,,,,,
92,Germany_Baseload#19#0#10000106,2021-10-19 06:28:16.588000,116.5,1.0,120.0,1.0,116.0,4.0,120.5,1.0,114.0,1.0,121.0,1.0,52.0,1.0,122.0,5.0,48.0,3.0,132.0,1.0,,,132.15,2.0,,,,,,,,,,,,,,,,
93,Germany_Baseload#19#0#10000106,2021-10-19 06:28:18.095000,118.75,1.0,120.0,1.0,116.5,1.0,120.5,1.0,116.0,4.0,121.0,1.0,114.0,1.0,122.0,5.0,52.0,1.0,132.0,1.0,48.0,3.0,132.15,2.0,,,,,,,,,,,,,,,,
94,Germany_Baseload#19#0#10000106,2021-10-19 06:28:19.844000,118.75,1.0,120.0,1.0,117.0,1.0,120.5,1.0,116.5,1.0,121.0,1.0,116.0,4.0,122.0,5.0,114.0,1.0,132.0,1.0,52.0,1.0,132.15,2.0,48.0,3.0,,,,,,,,,,,,,,
95,Germany_Baseload#19#0#10000106,2021-10-19 06:28:20.818000,119.0,1.0,120.0,1.0,118.75,1.0,120.5,1.0,117.0,1.0,121.0,1.0,116.5,1.0,122.0,5.0,116.0,4.0,132.0,1.0,114.0,1.0,132.15,2.0,52.0,1.0,,,48.0,3.0,,,,,,,,,,
96,Germany_Baseload#19#0#10000106,2021-10-19 06:28:23.317000,119.0,1.0,120.0,1.0,118.75,1.0,120.5,1.0,117.0,1.0,121.0,1.0,116.5,1.0,122.0,5.0,116.0,4.0,132.0,1.0,114.0,1.0,132.15,2.0,52.0,1.0,133.4,5.0,48.0,3.0,,,,,,,,,,
97,Germany_Baseload#19#0#10000106,2021-10-19 06:28:25.076000,118.75,1.0,120.0,1.0,117.0,1.0,120.5,1.0,116.5,1.0,121.0,1.0,116.0,4.0,122.0,5.0,114.0,1.0,132.0,1.0,52.0,1.0,132.15,2.0,48.0,3.0,133.4,5.0,,,,,,,,,,,,
98,Germany_Baseload#19#0#10000106,2021-10-19 06:28:28.524000,118.75,1.0,120.0,1.0,118.0,1.0,120.5,1.0,117.0,1.0,121.0,1.0,116.5,1.0,122.0,5.0,116.0,4.0,132.0,1.0,114.0,1.0,132.15,2.0,52.0,1.0,133.4,5.0,48.0,3.0,,,,,,,,,,
99,Germany_Baseload#19#0#10000106,2021-10-19 06:28:29.896000,119.0,1.0,120.0,1.0,118.75,1.0,120.5,1.0,118.0,1.0,121.0,1.0,117.0,1.0,122.0,5.0,116.5,1.0,132.0,1.0,116.0,4.0,132.15,2.0,114.0,1.0,133.4,5.0,52.0,1.0,,,48.0,3.0,,,,,,
100,Germany_Baseload#19#0#10000106,2021-10-19 06:28:38.958000,119.75,1.0,120.0,1.0,119.0,1.0,120.5,1.0,118.75,1.0,121.0,1.0,118.0,1.0,122.0,5.0,117.0,1.0,132.0,1.0,116.5,1.0,132.15,2.0,116.0,4.0,133.4,5.0,114.0,1.0,,,52.0,1.0,,,48.0,3.0,,
101,Germany_Baseload#19#0#10000106,2021-10-19 06:28:40.132000,119.75,1.0,120.0,1.0,119.0,1.0,120.5,1.0,118.75,1.0,121.0,1.0,118.0,1.0,122.0,5.0,117.0,1.0,132.0,1.0,116.5,1.0,132.15,2.0,116.0,4.0,133.4,5.0,114.0,1.0,,,52.0,1.0,,,48.0,3.0,,
102,Germany_Baseload#19#0#10000106,2021-10-19 06:28:42.114000,119.0,2.0,120.0,1.0,118.75,1.0,120.5,1.0,118.0,1.0,121.0,1.0,117.0,1.0,122.0,5.0,116.5,1.0,132.0,1.0,116.0,4.0,132.15,2.0,114.0,1.0,133.4,5.0,52.0,1.0,,,48.0,3.0,,,,,,
103,Germany_Baseload#19#0#10000106,2021-10-19 06:29:10.414000,119.0,2.0,120.0,1.0,118.75,1.0,120.5,1.0,118.0,1.0,121.0,1.0,117.0,1.0,122.0,5.0,116.5,1.0,132.0,1.0,116.0,4.0,132.15,2.0,114.0,1.0,,,52.0,1.0,,,48.0,3.0,,,,,,
104,Germany_Baseload#19#0#10000106,2021-10-19 06:29:10.607000,119.0,2.0,120.0,1.0,118.75,1.0,120.5,1.0,118.0,1.0,121.0,1.0,117.0,1.0,122.0,5.0,116.5,1.0,132.0,1.0,116.0,4.0,132.15,2.0,114.0,1.0,133.4,5.0,52.0,1.0,,,48.0,3.0,,,,,,
105,Germany_Baseload#19#0#10000106,2021-10-19 06:29:11.252000,119.0,2.0,120.0,1.0,118.75,1.0,120.5,1.0,118.0,1.0,121.0,1.0,117.0,1.0,122.0,5.0,116.5,1.0,132.0,1.0,116.0,4.0,132.15,2.0,114.0,1.0,,,52.0,1.0,,,48.0,3.0,,,,,,
106,Germany_Baseload#19#0#10000106,2021-10-19 06:29:11.399000,119.0,2.0,120.0,1.0,118.75,1.0,120.5,1.0,118.0,1.0,121.0,1.0,117.0,1.0,122.0,5.0,116.5,1.0,132.0,1.0,116.0,4.0,132.15,2.0,114.0,1.0,133.4,5.0,52.0,1.0,,,48.0,3.0,,,,,,
107,Germany_Baseload#19#0#10000106,2021-10-19 06:29:12.004000,119.0,2.0,120.0,1.0,118.75,1.0,120.5,1.0,118.0,1.0,121.0,1.0,117.0,1.0,122.0,5.0,116.5,1.0,132.0,1.0,116.0,4.0,132.15,2.0,114.0,1.0,,,52.0,1.0,,,48.0,3.0,,,,,,
108,Germany_Baseload#19#0#10000106,2021-10-19 06:29:14.835000,119.0,2.0,120.0,1.0,118.75,1.0,120.5,1.0,118.0,1.0,121.0,1.0,117.0,1.0,122.0,5.0,116.5,1.0,132.0,1.0,116.0,4.0,132.15,2.0,114.0,1.0,133.4,5.0,52.0,1.0,,,48.0,3.0,,,,,,
109,Germany_Baseload#19#0#10000106,2021-10-19 06:29:15.018000,119.0,2.0,120.0,1.0,118.75,1.0,120.5,1.0,118.0,1.0,121.0,1.0,117.0,1.0,122.0,5.0,116.5,1.0,132.0,1.0,116.0,4.0,132.15,2.0,114.0,1.0,,,52.0,1.0,,,48.0,3.0,,,,,,
110,Germany_Baseload#19#0#10000106,2021-10-19 06:29:16.941000,119.0,2.0,120.0,1.0,118.75,1.0,120.5,1.0,118.0,1.0,121.0,1.0,117.0,1.0,122.0,5.0,116.5,1.0,132.0,1.0,116.0,4.0,132.15,2.0,114.0,1.0,,,52.0,1.0,,,48.0,3.0,,,,,,
111,Germany_Baseload#19#0#10000106,2021-10-19 06:29:22.065000,119.0,1.0,120.0,1.0,118.75,1.0,120.5,1.0,118.0,1.0,121.0,1.0,117.0,1.0,122.0,5.0,116.5,1.0,132.0,1.0,116.0,4.0,132.15,2.0,114.0,1.0,,,52.0,1.0,,,48.0,3.0,,,,,,
112,Germany_Baseload#19#0#10000106,2021-10-19 06:29:23.665000,119.0,1.0,120.0,1.0,118.75,1.0,120.5,1.0,118.0,1.0,121.0,1.0,117.0,1.0,122.0,5.0,116.5,1.0,132.0,1.0,116.0,4.0,132.15,2.0,114.0,1.0,133.4,5.0,52.0,1.0,,,48.0,3.0,,,,,,
113,Germany_Baseload#19#0#10000106,2021-10-19 06:29:25.669000,119.0,1.0,120.0,1.0,118.75,1.0,120.5,1.0,118.0,1.0,122.0,5.0,117.0,1.0,132.0,1.0,116.5,1.0,132.15,2.0,116.0,4.0,133.4,5.0,114.0,1.0,,,52.0,1.0,,,48.0,3.0,,,,,,
114,Germany_Baseload#19#0#10000106,2021-10-19 06:29:26.490000,119.0,1.0,120.0,1.0,118.75,1.0,120.5,1.0,118.0,1.0,122.0,5.0,117.0,1.0,132.0,1.0,116.5,1.0,132.15,2.0,116.0,4.0,,,114.0,1.0,,,52.0,1.0,,,48.0,3.0,,,,,,
115,Germany_Baseload#19#0#10000106,2021-10-19 06:29:32.728000,119.0,1.0,120.0,1.0,118.75,1.0,120.5,1.0,118.0,1.0,122.0,5.0,117.0,1.0,132.0,1.0,116.5,1.0,132.15,2.0,116.0,4.0,133.4,5.0,114.0,1.0,,,52.0,1.0,,,48.0,3.0,,,,,,
116,Germany_Baseload#19#0#10000106,2021-10-19 06:29:33.515000,119.0,1.0,120.5,1.0,118.75,1.0,122.0,5.0,118.0,1.0,132.0,1.0,117.0,1.0,132.15,2.0,116.5,1.0,133.4,5.0,116.0,4.0,,,114.0,1.0,,,52.0,1.0,,,48.0,3.0,,,,,,
117,Germany_Baseload#19#0#10000106,2021-10-19 06:29:35.304000,119.0,1.0,120.5,1.0,118.75,1.0,122.0,5.0,118.0,1.0,132.0,1.0,117.0,1.0,132.15,2.0,116.5,1.0,,,116.0,4.0,,,114.0,1.0,,,52.0,1.0,,,48.0,3.0,,,,,,
118,Germany_Baseload#19#0#10000106,2021-10-19 06:29:37.087000,119.0,1.0,120.5,1.0,118.75,1.0,122.0,5.0,118.0,1.0,132.0,1.0,117.0,1.0,132.15,2.0,116.5,1.0,,,116.0,4.0,,,114.0,1.0,,,52.0,1.0,,,48.0,3.0,,,,,,
119,Germany_Baseload#19#0#10000106,2021-10-19 06:29:39.363000,119.0,1.0,120.5,1.0,118.75,1.0,122.0,5.0,118.0,1.0,132.0,1.0,117.0,1.0,132.15,2.0,116.5,1.0,,,116.0,4.0,,,114.0,1.0,,,52.0,1.0,,,48.0,3.0,,,,,,
120,Germany_Baseload#19#0#10000106,2021-10-19 06:29:41.597000,119.0,1.0,120.5,1.0,118.75,1.0,122.0,5.0,118.0,1.0,132.0,1.0,117.0,1.0,132.15,2.0,116.5,1.0,133.4,5.0,116.0,4.0,,,114.0,1.0,,,52.0,1.0,,,48.0,3.0,,,,,,
121,Germany_Baseload#19#0#10000106,2021-10-19 06:29:45.033000,119.0,1.0,120.5,1.0,118.75,1.0,122.0,1.0,118.0,1.0,123.0,4.0,117.0,1.0,132.0,1.0,116.5,1.0,132.15,2.0,116.0,4.0,133.4,5.0,114.0,1.0,,,52.0,1.0,,,48.0,3.0,,,,,,
122,Germany_Baseload#19#0#10000106,2021-10-19 06:29:57.833000,119.0,1.0,120.5,1.0,118.0,1.0,122.0,1.0,117.0,1.0,123.0,4.0,116.5,1.0,132.0,1.0,116.0,4.0,132.15,2.0,114.0,1.0,133.4,5.0,52.0,1.0,,,48.0,3.0,,,,,,,,,,
123,Germany_Baseload#19#0#10000106,2021-10-19 06:30:01.585000,119.25,1.0,120.5,1.0,119.0,1.0,122.0,1.0,118.0,1.0,123.0,4.0,117.0,1.0,132.0,1.0,116.5,1.0,132.15,2.0,116.0,4.0,133.4,5.0,114.0,1.0,,,52.0,1.0,,,48.0,3.0,,,,,,
124,Germany_Baseload#19#0#10000106,2021-10-19 06:30:07.711000,119.25,1.0,120.5,1.0,119.0,1.0,122.0,1.0,118.0,1.0,123.0,4.0,117.0,1.0,132.0,1.0,116.5,1.0,132.15,2.0,116.0,4.0,133.4,5.0,114.0,1.0,,,52.0,1.0,,,48.0,3.0,,,,,,
125,Germany_Baseload#19#0#10000106,2021-10-19 06:30:17.727000,119.25,1.0,122.0,1.0,119.0,1.0,123.0,4.0,118.0,1.0,132.0,1.0,117.0,1.0,132.15,2.0,116.5,1.0,133.4,5.0,116.0,4.0,,,114.0,1.0,,,52.0,1.0,,,48.0,3.0,,,,,,
126,Germany_Baseload#19#0#10000106,2021-10-19 06:30:17.757000,119.25,1.0,122.0,1.0,119.0,1.0,123.0,4.0,118.0,1.0,132.0,1.0,117.0,1.0,132.15,2.0,116.5,1.0,133.4,5.0,116.0,4.0,,,114.0,1.0,,,52.0,1.0,,,48.0,3.0,,,,,,
127,Germany_Baseload#19#0#10000106,2021-10-19 06:30:17.801000,119.25,1.0,122.0,1.0,119.0,1.0,123.0,4.0,118.0,1.0,132.0,1.0,117.0,1.0,132.15,2.0,116.5,1.0,133.4,5.0,116.0,4.0,,,114.0,1.0,,,52.0,1.0,,,48.0,3.0,,,,,,
128,Germany_Baseload#19#0#10000106,2021-10-19 06:30:52.122000,119.25,1.0,122.0,1.0,119.0,2.0,123.0,4.0,118.0,1.0,132.0,1.0,117.0,1.0,132.15,2.0,116.5,1.0,133.4,5.0,116.0,4.0,,,114.0,1.0,,,52.0,1.0,,,48.0,3.0,,,,,,
129,Germany_Baseload#19#0#10000106,2021-10-19 06:31:07.967000,119.25,1.0,120.25,2.0,119.0,2.0,122.0,1.0,118.0,1.0,123.0,4.0,117.0,1.0,132.0,1.0,116.5,1.0,132.15,2.0,116.0,4.0,133.4,5.0,114.0,1.0,,,52.0,1.0,,,48.0,3.0,,,,,,
130,Germany_Baseload#19#0#10000106,2021-10-19 06:31:08.094000,119.25,1.0,120.2,2.0,119.0,2.0,120.25,2.0,118.0,1.0,122.0,1.0,117.0,1.0,123.0,4.0,116.5,1.0,132.0,1.0,116.0,4.0,132.15,2.0,114.0,1.0,133.4,5.0,52.0,1.0,,,48.0,3.0,,,,,,
131,Germany_Baseload#19#0#10000106,2021-10-19 06:31:08.095000,119.25,1.0,120.2,2.0,119.0,2.0,122.0,1.0,118.0,1.0,123.0,4.0,117.0,1.0,132.0,1.0,116.5,1.0,132.15,2.0,116.0,4.0,133.4,5.0,114.0,1.0,,,52.0,1.0,,,48.0,3.0,,,,,,
132,Germany_Baseload#19#0#10000106,2021-10-19 06:31:37.082000,119.75,1.0,120.2,2.0,119.25,1.0,122.0,1.0,119.0,2.0,123.0,4.0,118.0,1.0,132.0,1.0,117.0,1.0,132.15,2.0,116.5,1.0,133.4,5.0,116.0,4.0,,,114.0,1.0,,,52.0,1.0,,,48.0,3.0,,
133,Germany_Baseload#19#0#10000106,2021-10-19 06:31:39.745000,119.75,1.0,120.2,1.0,119.25,1.0,122.0,1.0,119.0,2.0,123.0,4.0,118.0,1.0,132.0,1.0,117.0,1.0,132.15,2.0,116.5,1.0,133.4,5.0,116.0,4.0,,,114.0,1.0,,,52.0,1.0,,,48.0,3.0,,
134,Germany_Baseload#19#0#10000106,2021-10-19 06:31:43.805000,119.75,1.0,120.2,1.0,119.25,1.0,122.0,1.0,119.0,1.0,123.0,4.0,118.0,1.0,132.0,1.0,117.0,1.0,132.15,2.0,116.5,1.0,133.4,5.0,116.0,4.0,,,114.0,1.0,,,52.0,1.0,,,48.0,3.0,,
135,Germany_Baseload#19#0#10000106,2021-10-19 06:31:46.725000,119.25,1.0,120.2,1.0,119.0,1.0,122.0,1.0,118.0,1.0,123.0,4.0,117.0,1.0,132.0,1.0,116.5,1.0,132.15,2.0,116.0,4.0,133.4,5.0,114.0,1.0,,,52.0,1.0,,,48.0,3.0,,,,,,
136,Germany_Baseload#19#0#10000106,2021-10-19 06:31:51.550000,119.25,1.0,122.0,1.0,119.0,1.0,123.0,4.0,118.0,1.0,132.0,1.0,117.0,1.0,132.15,2.0,116.5,1.0,133.4,5.0,116.0,4.0,,,114.0,1.0,,,52.0,1.0,,,48.0,3.0,,,,,,
137,Germany_Baseload#19#0#10000106,2021-10-19 06:31:52.860000,119.25,1.0,122.0,1.0,119.0,1.0,123.0,4.0,118.0,1.0,132.0,1.0,117.0,1.0,132.15,2.0,116.5,1.0,133.4,5.0,116.0,4.0,,,114.0,1.0,,,52.0,1.0,,,48.0,3.0,,,,,,
138,Germany_Baseload#19#0#10000106,2021-10-19 06:31:53.179000,119.25,1.0,122.0,1.0,119.0,1.0,123.0,4.0,118.0,1.0,132.0,1.0,117.0,1.0,132.15,2.0,116.5,1.0,,,116.0,4.0,,,114.0,1.0,,,52.0,1.0,,,48.0,3.0,,,,,,
139,Germany_Baseload#19#0#10000106,2021-10-19 06:31:53.392000,119.25,1.0,122.0,1.0,119.0,1.0,123.0,4.0,118.0,1.0,132.0,1.0,117.0,1.0,132.15,2.0,116.5,1.0,133.4,5.0,116.0,4.0,,,114.0,1.0,,,52.0,1.0,,,48.0,3.0,,,,,,
140,Germany_Baseload#19#0#10000106,2021-10-19 06:31:53.721000,119.25,1.0,120.35,1.0,119.0,1.0,122.0,1.0,118.0,1.0,123.0,4.0,117.0,1.0,132.0,1.0,116.5,1.0,132.15,2.0,116.0,4.0,133.4,5.0,114.0,1.0,,,52.0,1.0,,,48.0,3.0,,,,,,
141,Germany_Baseload#19#0#10000106,2021-10-19 06:31:55.595000,119.25,1.0,120.35,1.0,119.0,1.0,122.0,1.0,118.0,1.0,123.0,4.0,117.0,1.0,132.0,1.0,116.5,1.0,132.15,2.0,116.0,4.0,,,114.0,1.0,,,52.0,1.0,,,48.0,3.0,,,,,,
142,Germany_Baseload#19#0#10000106,2021-10-19 06:31:56.803000,119.25,1.0,120.35,1.0,119.0,1.0,122.0,1.0,118.0,1.0,123.0,4.0,117.0,1.0,132.0,1.0,116.5,1.0,132.15,2.0,116.0,4.0,133.4,5.0,114.0,1.0,,,52.0,1.0,,,48.0,3.0,,,,,,
143,Germany_Baseload#19#0#10000106,2021-10-19 06:31:57.201000,119.25,1.0,120.25,1.0,119.0,1.0,122.0,1.0,118.0,1.0,123.0,4.0,117.0,1.0,132.0,1.0,116.5,1.0,132.15,2.0,116.0,4.0,133.4,5.0,114.0,1.0,,,52.0,1.0,,,48.0,3.0,,,,,,
144,Germany_Baseload#19#0#10000106,2021-10-19 06:31:57.463000,119.25,1.0,120.2,1.0,119.0,1.0,122.0,1.0,118.0,1.0,123.0,4.0,117.0,1.0,132.0,1.0,116.5,1.0,132.15,2.0,116.0,4.0,133.4,5.0,114.0,1.0,,,52.0,1.0,,,48.0,3.0,,,,,,
145,Germany_Baseload#19#0#10000106,2021-10-19 06:31:57.993000,119.25,1.0,120.2,1.0,119.0,1.0,122.0,1.0,118.0,1.0,123.0,4.0,117.0,1.0,132.0,1.0,116.5,1.0,132.15,2.0,116.0,4.0,,,114.0,1.0,,,52.0,1.0,,,48.0,3.0,,,,,,
146,Germany_Baseload#19#0#10000106,2021-10-19 06:32:02.461000,119.25,1.0,120.35,1.0,119.0,1.0,122.0,1.0,118.0,1.0,123.0,4.0,117.0,1.0,132.0,1.0,116.5,1.0,132.15,2.0,116.0,4.0,,,114.0,1.0,,,52.0,1.0,,,48.0,3.0,,,,,,
147,Germany_Baseload#19#0#10000106,2021-10-19 06:32:05.615000,119.25,1.0,120.35,1.0,119.0,1.0,122.0,1.0,118.0,1.0,123.0,4.0,117.0,1.0,132.0,1.0,116.5,1.0,132.15,2.0,116.0,4.0,133.4,5.0,114.0,1.0,,,52.0,1.0,,,48.0,3.0,,,,,,
148,Germany_Baseload#19#0#10000106,2021-10-19 06:32:07.044000,119.25,1.0,120.35,1.0,119.0,1.0,122.0,1.0,118.0,1.0,123.0,4.0,117.0,1.0,132.0,1.0,116.5,1.0,132.15,2.0,116.0,4.0,,,114.0,1.0,,,52.0,1.0,,,48.0,3.0,,,,,,
149,Germany_Baseload#19#0#10000106,2021-10-19 06:32:09.751000,119.25,1.0,120.25,1.0,119.0,1.0,122.0,1.0,118.0,1.0,123.0,4.0,117.0,1.0,132.0,1.0,116.5,1.0,132.15,2.0,116.0,4.0,,,114.0,1.0,,,52.0,1.0,,,48.0,3.0,,,,,,
150,Germany_Baseload#19#0#10000106,2021-10-19 06:32:13.953000,119.25,1.0,122.0,1.0,119.0,1.0,123.0,4.0,118.0,1.0,132.0,1.0,117.0,1.0,132.15,2.0,116.5,1.0,,,116.0,4.0,,,114.0,1.0,,,52.0,1.0,,,48.0,3.0,,,,,,
151,Germany_Baseload#19#0#10000106,2021-10-19 06:32:14.456000,119.25,1.0,122.0,1.0,119.0,1.0,123.0,4.0,118.0,1.0,132.0,1.0,117.0,1.0,132.15,2.0,116.5,1.0,133.4,5.0,116.0,4.0,,,114.0,1.0,,,52.0,1.0,,,48.0,3.0,,,,,,
152,Germany_Baseload#19#0#10000106,2021-10-19 06:32:16.522000,119.25,1.0,122.0,1.0,119.0,1.0,123.0,4.0,118.0,1.0,132.0,1.0,117.0,1.0,132.15,2.0,116.5,1.0,,,116.0,4.0,,,114.0,1.0,,,52.0,1.0,,,48.0,3.0,,,,,,
153,Germany_Baseload#19#0#10000106,2021-10-19 06:32:23.078000,119.25,1.0,122.0,1.0,119.0,1.0,123.0,4.0,118.0,1.0,132.0,1.0,117.75,1.0,132.15,2.0,117.0,1.0,,,116.5,1.0,,,116.0,4.0,,,114.0,1.0,,,52.0,1.0,,,48.0,3.0,,
154,Germany_Baseload#19#0#10000106,2021-10-19 06:32:27.571000,119.25,1.0,122.0,1.0,119.0,1.0,123.0,4.0,118.0,1.0,132.0,1.0,117.75,1.0,132.15,2.0,117.0,1.0,133.4,5.0,116.5,1.0,,,116.0,4.0,,,114.0,1.0,,,52.0,1.0,,,48.0,3.0,,
155,Germany_Baseload#19#0#10000106,2021-10-19 06:32:31.378000,119.25,1.0,122.0,1.0,119.0,1.0,123.0,4.0,118.0,1.0,132.0,1.0,117.75,1.0,132.15,2.0,117.0,1.0,,,116.5,1.0,,,116.0,4.0,,,114.0,1.0,,,52.0,1.0,,,48.0,3.0,,
156,Germany_Baseload#19#0#10000106,2021-10-19 06:32:32.414000,119.25,1.0,122.0,1.0,119.0,1.0,123.0,4.0,118.0,1.0,132.0,1.0,117.75,1.0,132.15,2.0,117.0,1.0,133.4,5.0,116.5,1.0,,,116.0,4.0,,,114.0,1.0,,,52.0,1.0,,,48.0,3.0,,
157,Germany_Baseload#19#0#10000106,2021-10-19 06:32:38.228000,119.25,1.0,122.0,1.0,119.0,1.0,123.0,4.0,118.0,1.0,132.0,1.0,117.75,1.0,132.15,2.0,117.0,1.0,,,116.5,1.0,,,116.0,4.0,,,114.0,1.0,,,52.0,1.0,,,48.0,3.0,,
158,Germany_Baseload#19#0#10000106,2021-10-19 06:32:46.666000,119.25,1.0,122.0,1.0,119.0,1.0,123.0,4.0,118.0,1.0,132.0,1.0,117.75,1.0,132.15,2.0,117.0,1.0,133.4,5.0,116.5,1.0,,,116.0,4.0,,,114.0,1.0,,,52.0,1.0,,,48.0,3.0,,
159,Germany_Baseload#19#0#10000106,2021-10-19 06:32:48.524000,119.25,1.0,122.0,1.0,119.0,1.0,123.0,4.0,118.0,1.0,132.0,1.0,117.75,1.0,132.15,2.0,117.0,1.0,,,116.5,1.0,,,116.0,4.0,,,114.0,1.0,,,52.0,1.0,,,48.0,3.0,,
160,Germany_Baseload#19#0#10000106,2021-10-19 06:33:45.582000,120.0,1.0,122.0,1.0,119.25,1.0,123.0,4.0,119.0,1.0,132.0,1.0,118.0,1.0,132.15,2.0,117.75,1.0,,,117.0,1.0,,,116.5,1.0,,,116.0,4.0,,,114.0,1.0,,,52.0,1.0,,
161,Germany_Baseload#19#0#10000106,2021-10-19 06:33:53.351000,120.0,1.0,122.0,1.0,119.25,1.0,123.0,4.0,119.0,1.0,132.0,1.0,118.0,1.0,132.15,2.0,117.75,1.0,,,117.0,1.0,,,116.5,1.0,,,116.0,4.0,,,114.0,1.0,,,52.0,1.0,,
162,Germany_Baseload#19#0#10000106,2021-10-19 06:33:53.352000,120.0,1.0,122.0,1.0,119.25,1.0,123.0,4.0,119.0,1.0,132.0,1.0,118.0,1.0,132.15,2.0,117.0,1.0,,,116.5,1.0,,,116.0,4.0,,,114.0,1.0,,,52.0,1.0,,,48.0,3.0,,
163,Germany_Baseload#19#0#10000106,2021-10-19 06:34:04.652000,120.0,1.0,122.0,1.0,119.25,1.0,123.0,4.0,119.0,1.0,132.0,1.0,118.0,1.0,132.15,2.0,117.0,1.0,135.0,1.0,116.5,1.0,,,116.0,4.0,,,114.0,1.0,,,52.0,1.0,,,48.0,3.0,,
164,Germany_Baseload#19#0#10000106,2021-10-19 06:34:09.107000,120.0,1.0,122.0,1.0,119.25,1.0,123.0,4.0,119.0,1.0,132.0,1.0,118.0,1.0,132.15,2.0,117.0,1.0,135.0,1.0,116.5,1.0,,,116.0,4.0,,,114.0,1.0,,,52.0,1.0,,,48.0,3.0,,
165,Germany_Baseload#19#0#10000106,2021-10-19 06:34:37.753000,120.0,1.0,122.0,1.0,119.25,1.0,123.0,4.0,119.0,1.0,132.0,1.0,118.0,1.0,132.15,2.0,117.0,1.0,133.6,5.0,116.5,1.0,135.0,1.0,116.0,4.0,,,114.0,1.0,,,52.0,1.0,,,48.0,3.0,,
166,Germany_Baseload#19#0#10000106,2021-10-19 06:34:38.921000,120.0,1.0,122.0,1.0,119.25,1.0,123.0,4.0,119.0,1.0,132.0,1.0,118.0,1.0,132.15,2.0,117.0,1.0,135.0,1.0,116.5,1.0,,,116.0,4.0,,,114.0,1.0,,,52.0,1.0,,,48.0,3.0,,
167,Germany_Baseload#19#0#10000106,2021-10-19 06:34:41.977000,120.0,1.0,122.0,1.0,119.25,1.0,123.0,4.0,119.0,1.0,132.0,1.0,118.0,1.0,132.15,2.0,117.0,1.0,133.6,5.0,116.5,1.0,135.0,1.0,116.0,4.0,,,114.0,1.0,,,52.0,1.0,,,48.0,3.0,,
168,Germany_Baseload#19#0#10000106,2021-10-19 06:34:42.571000,120.0,1.0,122.0,1.0,119.25,1.0,123.0,4.0,119.0,1.0,132.0,1.0,118.0,1.0,132.15,2.0,117.0,1.0,135.0,1.0,116.5,1.0,,,116.0,4.0,,,114.0,1.0,,,52.0,1.0,,,48.0,3.0,,
169,Germany_Baseload#19#0#10000106,2021-10-19 06:34:50.816000,120.0,1.0,122.0,1.0,119.25,1.0,123.0,4.0,119.0,1.0,132.0,1.0,118.0,1.0,132.15,2.0,117.0,1.0,133.6,5.0,116.5,1.0,135.0,1.0,116.0,4.0,,,114.0,1.0,,,52.0,1.0,,,48.0,3.0,,
170,Germany_Baseload#19#0#10000106,2021-10-19 06:34:51.016000,120.0,1.0,122.0,1.0,119.25,1.0,123.0,4.0,119.0,1.0,132.0,1.0,118.0,1.0,132.15,2.0,117.0,1.0,135.0,1.0,116.5,1.0,,,116.0,4.0,,,114.0,1.0,,,52.0,1.0,,,48.0,3.0,,
171,Germany_Baseload#19#0#10000106,2021-10-19 06:34:57.549000,120.0,4.0,122.0,1.0,119.25,1.0,123.0,4.0,119.0,1.0,132.0,1.0,118.0,1.0,132.15,2.0,117.0,1.0,135.0,1.0,116.5,1.0,,,116.0,1.0,,,114.0,1.0,,,52.0,1.0,,,48.0,3.0,,
172,Germany_Baseload#19#0#10000106,2021-10-19 06:34:59.819000,120.0,4.0,122.0,1.0,119.25,1.0,123.0,4.0,119.0,1.0,132.0,1.0,118.0,1.0,132.15,2.0,117.0,1.0,133.6,5.0,116.5,1.0,135.0,1.0,116.0,1.0,,,114.0,1.0,,,52.0,1.0,,,48.0,3.0,,
173,Germany_Baseload#19#0#10000106,2021-10-19 06:35:00.830000,120.0,4.0,122.0,1.0,119.25,1.0,123.0,4.0,119.0,1.0,132.0,1.0,118.0,1.0,132.15,2.0,117.0,1.0,135.0,1.0,116.5,1.0,,,116.0,1.0,,,114.0,1.0,,,52.0,1.0,,,48.0,3.0,,
174,Germany_Baseload#19#0#10000106,2021-10-19 06:35:04.965000,120.0,3.0,122.0,1.0,119.25,1.0,123.0,4.0,119.0,1.0,132.0,1.0,118.0,1.0,132.15,2.0,117.0,1.0,135.0,1.0,116.5,1.0,,,116.0,1.0,,,114.0,1.0,,,52.0,1.0,,,48.0,3.0,,
175,Germany_Baseload#19#0#10000106,2021-10-19 06:35:08.744000,120.0,3.0,122.0,1.0,119.25,1.0,123.0,4.0,119.0,1.0,132.0,1.0,118.0,1.0,132.15,2.0,117.0,1.0,133.6,5.0,116.5,1.0,135.0,1.0,116.0,1.0,,,114.0,1.0,,,52.0,1.0,,,48.0,3.0,,
176,Germany_Baseload#19#0#10000106,2021-10-19 06:35:10.711000,120.0,3.0,122.0,1.0,119.25,1.0,123.0,4.0,119.0,1.0,132.0,1.0,118.0,1.0,132.15,2.0,117.0,1.0,135.0,1.0,116.5,1.0,,,116.0,1.0,,,114.0,1.0,,,52.0,1.0,,,48.0,3.0,,
177,Germany_Baseload#19#0#10000106,2021-10-19 06:35:26.452000,120.0,3.0,122.0,1.0,119.25,1.0,123.0,4.0,119.0,1.0,132.0,1.0,118.0,1.0,132.15,2.0,117.0,1.0,133.6,5.0,116.5,1.0,135.0,1.0,116.0,1.0,,,114.0,1.0,,,52.0,1.0,,,48.0,3.0,,
178,Germany_Baseload#19#0#10000106,2021-10-19 06:35:27.051000,120.0,3.0,122.0,1.0,119.25,1.0,123.0,4.0,119.0,1.0,132.0,1.0,118.0,1.0,132.15,2.0,117.0,1.0,135.0,1.0,116.5,1.0,,,116.0,1.0,,,114.0,1.0,,,52.0,1.0,,,48.0,3.0,,
179,Germany_Baseload#19#0#10000106,2021-10-19 06:35:35.464000,120.0,3.0,122.0,1.0,119.25,1.0,123.0,4.0,119.0,1.0,132.0,1.0,118.0,1.0,132.15,2.0,117.0,1.0,133.6,5.0,116.5,1.0,135.0,1.0,116.0,1.0,,,114.0,1.0,,,52.0,1.0,,,48.0,3.0,,
180,Germany_Baseload#19#0#10000106,2021-10-19 06:35:36.063000,120.0,3.0,122.0,1.0,119.25,1.0,123.0,4.0,119.0,1.0,132.0,1.0,118.0,1.0,132.15,2.0,117.0,1.0,133.4,5.0,116.5,1.0,135.0,1.0,116.0,1.0,,,114.0,1.0,,,52.0,1.0,,,48.0,3.0,,
181,Germany_Baseload#19#0#10000106,2021-10-19 06:35:41.952000,120.0,3.0,122.0,1.0,119.25,1.0,123.0,4.0,119.0,1.0,132.0,1.0,118.0,1.0,132.15,2.0,117.0,1.0,133.6,5.0,116.5,1.0,135.0,1.0,116.0,1.0,,,114.0,1.0,,,52.0,1.0,,,48.0,3.0,,
182,Germany_Baseload#19#0#10000106,2021-10-19 06:35:57.274000,120.0,3.0,122.0,1.0,119.25,1.0,123.0,4.0,119.0,1.0,132.0,1.0,118.0,1.0,132.15,2.0,117.75,1.0,133.6,5.0,117.0,1.0,135.0,1.0,116.5,1.0,,,116.0,1.0,,,114.0,1.0,,,52.0,1.0,,
183,Germany_Baseload#19#0#10000106,2021-10-19 06:35:57.422000,120.0,3.0,122.0,1.0,119.25,1.0,123.0,4.0,119.0,1.0,132.0,1.0,118.0,1.0,132.15,2.0,117.75,1.0,135.0,1.0,117.0,1.0,,,116.5,1.0,,,116.0,1.0,,,114.0,1.0,,,52.0,1.0,,
184,Germany_Baseload#19#0#10000106,2021-10-19 06:36:04.316000,120.0,3.0,122.0,1.0,119.25,1.0,123.0,4.0,119.0,2.0,132.0,1.0,118.0,1.0,132.15,2.0,117.75,1.0,135.0,1.0,117.0,1.0,,,116.5,1.0,,,116.0,1.0,,,114.0,1.0,,,52.0,1.0,,
185,Germany_Baseload#19#0#10000106,2021-10-19 06:36:46.760000,120.0,3.0,122.0,1.0,119.25,1.0,123.0,4.0,119.0,2.0,132.0,1.0,118.0,1.0,132.15,2.0,117.75,1.0,133.6,5.0,117.0,1.0,135.0,1.0,116.5,1.0,,,116.0,1.0,,,114.0,1.0,,,52.0,1.0,,
186,Germany_Baseload#19#0#10000106,2021-10-19 06:36:48.320000,120.0,3.0,122.0,1.0,119.25,1.0,123.0,4.0,119.0,2.0,132.0,1.0,118.0,1.0,132.15,2.0,117.75,1.0,135.0,1.0,117.0,1.0,,,116.5,1.0,,,116.0,1.0,,,114.0,1.0,,,52.0,1.0,,
187,Germany_Baseload#19#0#10000106,2021-10-19 06:36:51.148000,120.0,3.0,122.0,1.0,119.25,1.0,123.0,4.0,119.0,2.0,132.0,1.0,118.0,1.0,132.15,2.0,117.75,1.0,133.6,5.0,117.0,1.0,135.0,1.0,116.5,1.0,,,116.0,1.0,,,114.0,1.0,,,52.0,1.0,,
188,Germany_Baseload#19#0#10000106,2021-10-19 06:36:51.528000,120.0,3.0,122.0,1.0,119.25,1.0,123.0,4.0,119.0,2.0,132.0,1.0,118.0,1.0,132.15,2.0,117.75,1.0,135.0,1.0,117.0,1.0,,,116.5,1.0,,,116.0,1.0,,,114.0,1.0,,,52.0,1.0,,
189,Germany_Baseload#19#0#10000106,2021-10-19 06:36:52.458000,120.0,3.0,122.0,1.0,119.5,1.0,123.0,4.0,119.25,1.0,132.0,1.0,119.0,2.0,132.15,2.0,118.0,1.0,135.0,1.0,117.0,1.0,,,116.5,1.0,,,116.0,1.0,,,114.0,1.0,,,52.0,1.0,,
190,Germany_Baseload#19#0#10000106,2021-10-19 06:37:00.272000,120.0,3.0,122.0,1.0,119.5,1.0,123.0,4.0,119.25,1.0,132.0,1.0,119.0,2.0,132.15,2.0,118.0,1.0,133.6,5.0,117.0,1.0,135.0,1.0,116.5,1.0,,,116.0,1.0,,,114.0,1.0,,,52.0,1.0,,
191,Germany_Baseload#19#0#10000106,2021-10-19 06:37:01.017000,120.0,3.0,122.0,1.0,119.5,1.0,123.0,4.0,119.25,1.0,132.0,1.0,119.0,2.0,132.15,2.0,118.0,1.0,135.0,1.0,117.0,1.0,,,116.5,1.0,,,116.0,1.0,,,114.0,1.0,,,52.0,1.0,,
192,Germany_Baseload#19#0#10000106,2021-10-19 06:37:09.076000,120.0,3.0,122.0,1.0,119.5,1.0,123.0,4.0,119.25,1.0,132.0,1.0,119.0,2.0,132.15,2.0,118.0,1.0,133.6,5.0,117.0,1.0,135.0,1.0,116.5,1.0,,,116.0,1.0,,,114.0,1.0,,,52.0,1.0,,
193,Germany_Baseload#19#0#10000106,2021-10-19 06:37:09.879000,120.0,3.0,122.0,1.0,119.5,1.0,123.0,4.0,119.25,1.0,132.0,1.0,119.0,2.0,132.15,2.0,118.0,1.0,135.0,1.0,117.0,1.0,,,116.5,1.0,,,116.0,1.0,,,114.0,1.0,,,52.0,1.0,,
194,Germany_Baseload#19#0#10000106,2021-10-19 06:37:17.870000,120.0,3.0,122.0,1.0,119.5,1.0,123.0,4.0,119.25,1.0,132.0,1.0,119.0,2.0,132.15,2.0,118.0,1.0,133.6,5.0,117.0,1.0,135.0,1.0,116.5,1.0,,,116.0,1.0,,,114.0,1.0,,,52.0,1.0,,
195,Germany_Baseload#19#0#10000106,2021-10-19 06:37:24.925000,120.0,3.0,122.0,1.0,119.5,1.0,123.0,4.0,119.25,1.0,132.0,1.0,119.0,2.0,132.15,2.0,118.0,1.0,135.0,1.0,117.0,1.0,,,116.5,1.0,,,116.0,1.0,,,114.0,1.0,,,52.0,1.0,,
196,Germany_Baseload#19#0#10000106,2021-10-19 06:37:26.758000,120.0,3.0,122.0,1.0,119.5,1.0,123.0,4.0,119.25,1.0,132.0,1.0,119.0,2.0,132.15,2.0,118.0,1.0,133.6,5.0,117.0,1.0,135.0,1.0,116.5,1.0,,,116.0,1.0,,,114.0,1.0,,,52.0,1.0,,
197,Germany_Baseload#19#0#10000106,2021-10-19 06:37:30.164000,120.0,3.0,122.0,1.0,119.5,1.0,125.0,4.0,119.25,1.0,132.0,1.0,119.0,2.0,132.15,2.0,118.0,1.0,133.6,5.0,117.0,1.0,135.0,1.0,116.5,1.0,,,116.0,1.0,,,114.0,1.0,,,52.0,1.0,,
198,Germany_Baseload#19#0#10000106,2021-10-19 06:37:33.989000,120.0,3.0,122.0,1.0,119.5,1.0,125.0,4.0,119.25,1.0,132.0,1.0,119.0,2.0,132.15,2.0,118.0,1.0,135.0,1.0,117.0,1.0,,,116.5,1.0,,,116.0,1.0,,,114.0,1.0,,,52.0,1.0,,
199,Germany_Baseload#19#0#10000106,2021-10-19 06:37:35.833000,120.0,3.0,122.0,1.0,119.5,1.0,125.0,4.0,119.25,1.0,132.0,1.0,119.0,2.0,132.15,2.0,118.0,1.0,133.6,5.0,117.0,1.0,135.0,1.0,116.5,1.0,,,116.0,1.0,,,114.0,1.0,,,52.0,1.0,,
200,Germany_Baseload#19#0#10000106,2021-10-19 06:37:36.613000,120.0,3.0,122.0,1.0,119.5,1.0,125.0,4.0,119.25,1.0,132.0,1.0,119.0,2.0,132.15,2.0,118.0,1.0,135.0,1.0,117.0,1.0,,,116.5,1.0,,,116.0,1.0,,,114.0,1.0,,,52.0,1.0,,
201,Germany_Baseload#19#0#10000106,2021-10-19 06:37:44.644000,120.0,3.0,122.0,1.0,119.5,1.0,125.0,4.0,119.25,1.0,132.0,1.0,119.0,2.0,132.15,2.0,118.0,1.0,133.6,5.0,117.0,1.0,135.0,1.0,116.5,1.0,,,116.0,1.0,,,114.0,1.0,,,52.0,1.0,,
202,Germany_Baseload#19#0#10000106,2021-10-19 06:37:51.780000,120.0,4.0,122.0,1.0,119.5,1.0,125.0,4.0,119.25,1.0,132.0,1.0,119.0,3.0,132.15,2.0,118.0,1.0,133.6,5.0,117.0,1.0,135.0,1.0,116.5,1.0,,,116.0,1.0,,,114.0,1.0,,,52.0,1.0,,
203,Germany_Baseload#19#0#10000106,2021-10-19 06:37:55.052000,120.5,3.0,122.0,1.0,120.0,1.0,125.0,4.0,119.5,1.0,132.0,1.0,119.25,1.0,132.15,2.0,119.0,3.0,133.6,5.0,118.0,1.0,135.0,1.0,117.0,1.0,,,116.5,1.0,,,116.0,1.0,,,114.0,1.0,,
204,Germany_Baseload#19#0#10000106,2021-10-19 06:37:57.556000,120.5,3.0,122.0,1.0,120.0,1.0,125.0,4.0,119.5,1.0,132.0,1.0,119.25,1.0,132.15,2.0,119.0,3.0,135.0,1.0,118.0,1.0,,,117.0,1.0,,,116.5,1.0,,,116.0,1.0,,,114.0,1.0,,
205,Germany_Baseload#19#0#10000106,2021-10-19 06:37:57.740000,120.5,3.0,122.0,1.0,120.0,1.0,125.0,4.0,119.5,1.0,132.0,1.0,119.25,1.0,132.15,2.0,119.0,3.0,133.6,5.0,118.0,1.0,135.0,1.0,117.0,1.0,,,116.5,1.0,,,116.0,1.0,,,114.0,1.0,,
206,Germany_Baseload#19#0#10000106,2021-10-19 06:37:58.558000,120.5,3.0,122.0,1.0,120.0,1.0,125.0,4.0,119.5,1.0,132.0,1.0,119.25,1.0,132.15,2.0,119.0,3.0,135.0,1.0,118.0,1.0,,,117.0,1.0,,,116.5,1.0,,,116.0,1.0,,,114.0,1.0,,
207,Germany_Baseload#19#0#10000106,2021-10-19 06:38:02.763000,120.5,3.0,122.0,1.0,120.0,1.0,125.0,4.0,119.5,1.0,132.0,1.0,119.25,1.0,132.15,2.0,119.0,3.0,133.6,5.0,118.0,1.0,135.0,1.0,117.0,1.0,,,116.5,1.0,,,116.0,1.0,,,114.0,1.0,,
208,Germany_Baseload#19#0#10000106,2021-10-19 06:38:03.440000,120.5,3.0,122.0,1.0,120.0,1.0,125.0,4.0,119.5,1.0,132.0,1.0,119.25,1.0,132.15,2.0,119.0,3.0,135.0,1.0,118.0,1.0,,,117.0,1.0,,,116.5,1.0,,,116.0,1.0,,,114.0,1.0,,
209,Germany_Baseload#19#0#10000106,2021-10-19 06:38:05.339000,120.5,3.0,122.0,1.0,120.0,1.0,125.0,4.0,119.5,1.0,132.0,1.0,119.25,1.0,132.15,2.0,119.0,3.0,135.0,1.0,118.75,1.0,,,118.0,1.0,,,117.0,1.0,,,116.5,1.0,,,114.0,1.0,,
210,Germany_Baseload#19#0#10000106,2021-10-19 06:38:12.839000,120.5,3.0,122.0,1.0,120.0,1.0,125.0,4.0,119.5,1.0,132.0,1.0,119.25,1.0,132.15,2.0,119.0,3.0,133.6,5.0,118.75,1.0,135.0,1.0,118.0,1.0,,,117.0,1.0,,,116.5,1.0,,,114.0,1.0,,
211,Germany_Baseload#19#0#10000106,2021-10-19 06:38:14.226000,120.5,3.0,122.0,1.0,120.0,1.0,125.0,4.0,119.5,1.0,132.0,1.0,119.25,1.0,132.15,2.0,119.0,3.0,135.0,1.0,118.75,1.0,,,118.0,1.0,,,117.0,1.0,,,116.5,1.0,,,114.0,1.0,,
212,Germany_Baseload#19#0#10000106,2021-10-19 06:38:20.256000,120.5,3.0,122.0,1.0,120.0,1.0,125.0,4.0,119.5,1.0,132.0,1.0,119.25,1.0,132.15,2.0,119.0,3.0,133.6,5.0,118.75,1.0,135.0,1.0,118.0,1.0,,,117.0,1.0,,,116.5,1.0,,,114.0,1.0,,
213,Germany_Baseload#19#0#10000106,2021-10-19 06:39:24.109000,120.5,3.0,122.0,1.0,120.0,1.0,125.0,4.0,119.5,1.0,132.0,1.0,119.25,1.0,132.15,2.0,119.0,3.0,133.6,5.0,118.75,1.0,135.0,1.0,118.0,1.0,,,117.0,1.0,,,116.5,1.0,,,114.0,1.0,,
214,Germany_Baseload#19#0#10000106,2021-10-19 06:39:33.742000,120.5,3.0,122.0,1.0,120.0,1.0,125.0,4.0,119.5,1.0,132.0,1.0,119.25,1.0,132.15,2.0,119.0,3.0,135.0,1.0,118.75,1.0,,,118.0,1.0,,,117.0,1.0,,,116.5,1.0,,,114.0,1.0,,
215,Germany_Baseload#19#0#10000106,2021-10-19 06:39:48.625000,120.75,1.0,122.0,1.0,120.5,3.0,125.0,4.0,120.0,1.0,132.0,1.0,119.5,1.0,132.15,2.0,119.25,1.0,135.0,1.0,119.0,3.0,,,118.75,1.0,,,118.0,1.0,,,117.0,1.0,,,116.5,1.0,,
216,Germany_Baseload#19#0#10000106,2021-10-19 06:39:54.225000,120.75,1.0,125.0,4.0,120.5,3.0,132.0,1.0,120.0,1.0,132.15,2.0,119.5,1.0,135.0,1.0,119.25,1.0,,,119.0,3.0,,,118.75,1.0,,,118.0,1.0,,,117.0,1.0,,,116.5,1.0,,
217,Germany_Baseload#19#0#10000106,2021-10-19 06:41:10.212000,120.75,1.0,125.0,4.0,120.65,1.0,132.0,1.0,120.5,3.0,132.15,2.0,120.0,1.0,135.0,1.0,119.5,1.0,,,119.25,1.0,,,119.0,3.0,,,118.75,1.0,,,118.0,1.0,,,117.0,1.0,,
218,Germany_Baseload#19#0#10000106,2021-10-19 06:41:11.228000,120.75,1.0,123.1,1.0,120.65,1.0,125.0,4.0,120.5,3.0,132.0,1.0,120.0,1.0,132.15,2.0,119.5,1.0,135.0,1.0,119.25,1.0,,,119.0,3.0,,,118.75,1.0,,,118.0,1.0,,,117.0,1.0,,
219,Germany_Baseload#19#0#10000106,2021-10-19 06:41:22.897000,120.75,1.0,123.1,1.0,120.65,1.0,125.0,4.0,120.5,3.0,132.0,1.0,120.0,1.0,132.15,2.0,119.5,1.0,135.0,1.0,119.25,1.0,,,119.0,3.0,,,118.75,1.0,,,118.0,1.0,,,117.0,1.0,,
220,Germany_Baseload#19#0#10000106,2021-10-19 06:41:40.248000,120.75,1.0,123.1,1.0,120.65,1.0,125.0,4.0,120.5,3.0,132.0,1.0,120.0,2.0,132.15,2.0,119.5,1.0,135.0,1.0,119.25,1.0,,,119.0,3.0,,,118.0,1.0,,,117.0,1.0,,,116.5,1.0,,
221,Germany_Baseload#19#0#10000106,2021-10-19 06:44:04.622000,120.75,1.0,122.0,5.0,120.65,1.0,123.1,1.0,120.5,3.0,125.0,4.0,120.0,2.0,132.0,1.0,119.5,1.0,132.15,2.0,119.25,1.0,135.0,1.0,119.0,3.0,,,118.0,1.0,,,117.0,1.0,,,116.5,1.0,,
222,Germany_Baseload#19#0#10000106,2021-10-19 06:44:04.775000,120.75,1.0,122.0,6.0,120.65,1.0,123.1,1.0,120.5,3.0,125.0,4.0,120.0,2.0,132.0,1.0,119.5,1.0,132.15,2.0,119.25,1.0,135.0,1.0,119.0,3.0,,,118.0,1.0,,,117.0,1.0,,,116.5,1.0,,
223,Germany_Baseload#19#0#10000106,2021-10-19 06:44:04.777000,120.75,1.0,122.0,6.0,120.65,1.0,123.1,1.0,120.0,2.0,125.0,4.0,119.5,1.0,132.0,1.0,119.25,1.0,132.15,2.0,119.0,5.0,135.0,1.0,118.0,1.0,,,117.0,1.0,,,116.5,1.0,,,114.0,1.0,,
224,Germany_Baseload#19#0#10000106,2021-10-19 06:44:08.845000,120.75,1.0,122.0,1.0,120.65,1.0,123.1,1.0,120.0,2.0,125.0,4.0,119.5,1.0,132.0,1.0,119.25,1.0,132.15,2.0,119.0,5.0,135.0,1.0,118.0,1.0,,,117.0,1.0,,,116.5,1.0,,,114.0,1.0,,
225,Germany_Baseload#19#0#10000106,2021-10-19 06:44:10.740000,120.75,1.0,123.1,1.0,120.65,1.0,125.0,4.0,120.0,2.0,132.0,1.0,119.5,1.0,132.15,2.0,119.25,1.0,135.0,1.0,119.0,5.0,,,118.0,1.0,,,117.0,1.0,,,116.5,1.0,,,114.0,1.0,,
226,Germany_Baseload#19#0#10000106,2021-10-19 06:44:19.386000,120.75,1.0,123.1,1.0,120.65,1.0,125.0,4.0,120.0,2.0,132.0,1.0,119.5,1.0,132.15,2.0,119.25,1.0,135.0,1.0,119.0,4.0,,,118.0,1.0,,,117.0,1.0,,,116.5,1.0,,,114.0,1.0,,
227,Germany_Baseload#19#0#10000106,2021-10-19 06:44:20.726000,120.75,1.0,122.5,1.0,120.65,1.0,123.1,1.0,120.0,2.0,125.0,4.0,119.5,1.0,132.0,1.0,119.25,1.0,132.15,2.0,119.0,4.0,135.0,1.0,118.0,1.0,,,117.0,1.0,,,116.5,1.0,,,114.0,1.0,,
228,Germany_Baseload#19#0#10000106,2021-10-19 06:44:35.771000,120.75,1.0,122.5,1.0,120.65,1.0,123.1,1.0,120.0,2.0,125.0,4.0,119.5,1.0,132.0,1.0,119.25,1.0,132.15,2.0,119.0,4.0,135.0,1.0,118.0,1.0,,,117.0,1.0,,,116.5,1.0,,,114.0,1.0,,
229,Germany_Baseload#19#0#10000106,2021-10-19 06:45:42.578000,122.0,2.0,122.5,1.0,120.75,1.0,123.1,1.0,120.65,1.0,125.0,4.0,120.0,2.0,132.0,1.0,119.5,1.0,132.15,2.0,119.25,1.0,135.0,1.0,119.0,4.0,,,118.0,1.0,,,117.0,1.0,,,116.5,1.0,,
230,Germany_Baseload#19#0#10000106,2021-10-19 06:45:42.689000,122.0,1.0,122.5,1.0,120.75,1.0,123.1,1.0,120.65,1.0,125.0,4.0,120.0,2.0,132.0,1.0,119.5,1.0,132.15,2.0,119.25,1.0,135.0,1.0,119.0,4.0,,,118.0,1.0,,,117.0,1.0,,,116.5,1.0,,
231,Germany_Baseload#19#0#10000106,2021-10-19 06:46:03.425000,122.0,1.0,122.5,1.0,121.9,1.0,123.1,1.0,120.75,1.0,125.0,4.0,120.0,2.0,132.0,1.0,119.5,1.0,132.15,2.0,119.25,1.0,135.0,1.0,119.0,4.0,,,118.0,1.0,,,117.0,1.0,,,116.5,1.0,,
232,Germany_Baseload#19#0#10000106,2021-10-19 06:47:11.410000,122.0,1.0,123.1,1.0,121.9,1.0,125.0,4.0,120.75,1.0,132.0,1.0,120.0,2.0,132.15,2.0,119.5,1.0,135.0,1.0,119.25,1.0,,,119.0,4.0,,,118.0,1.0,,,117.0,1.0,,,116.5,1.0,,
233,Germany_Baseload#19#0#10000106,2021-10-19 06:49:02.847000,122.0,1.0,125.0,4.0,121.9,1.0,125.1,5.0,120.75,1.0,132.0,1.0,120.0,2.0,132.15,2.0,119.5,1.0,135.0,1.0,119.25,1.0,,,119.0,4.0,,,118.0,1.0,,,117.0,1.0,,,116.5,1.0,,
234,Germany_Baseload#19#0#10000106,2021-10-19 06:49:16.644000,122.0,1.0,123.0,1.0,121.9,1.0,125.0,4.0,120.75,1.0,125.1,5.0,120.0,2.0,132.0,1.0,119.5,1.0,132.15,2.0,119.25,1.0,135.0,1.0,119.0,4.0,,,118.0,1.0,,,117.0,1.0,,,116.5,1.0,,
235,Germany_Baseload#19#0#10000106,2021-10-19 06:49:20.504000,122.0,1.0,125.0,4.0,121.9,1.0,125.1,5.0,120.75,1.0,132.0,1.0,120.0,2.0,132.15,2.0,119.5,1.0,135.0,1.0,119.25,1.0,,,119.0,4.0,,,118.0,1.0,,,117.0,1.0,,,116.5,1.0,,
236,Germany_Baseload#19#0#10000106,2021-10-19 06:49:21.595000,123.1,1.0,125.0,4.0,122.0,1.0,125.1,5.0,121.9,1.0,132.0,1.0,120.75,1.0,132.15,2.0,120.0,2.0,135.0,1.0,119.5,1.0,,,119.25,1.0,,,119.0,4.0,,,118.0,1.0,,,117.0,1.0,,
237,Germany_Baseload#19#0#10000106,2021-10-19 06:49:21.895000,123.1,1.0,125.0,4.0,122.95,1.0,125.1,5.0,122.0,1.0,132.0,1.0,121.9,1.0,132.15,2.0,120.75,1.0,135.0,1.0,120.0,2.0,,,119.5,1.0,,,119.25,1.0,,,119.0,4.0,,,118.0,1.0,,
238,Germany_Baseload#19#0#10000106,2021-10-19 06:49:22.613000,123.1,1.0,125.0,4.0,123.0,1.0,125.1,5.0,122.0,1.0,132.0,1.0,121.9,1.0,132.15,2.0,120.75,1.0,135.0,1.0,120.0,2.0,,,119.5,1.0,,,119.25,1.0,,,119.0,4.0,,,118.0,1.0,,
239,Germany_Baseload#19#0#10000106,2021-10-19 06:49:30.672000,123.0,1.0,125.0,4.0,122.0,1.0,125.1,5.0,121.9,1.0,132.0,1.0,120.75,1.0,132.15,2.0,120.0,2.0,135.0,1.0,119.5,1.0,,,119.25,1.0,,,119.0,4.0,,,118.0,1.0,,,117.0,1.0,,
240,Germany_Baseload#19#0#10000106,2021-10-19 06:49:30.804000,122.0,1.0,125.0,4.0,121.9,1.0,125.1,5.0,120.75,1.0,132.0,1.0,120.0,2.0,132.15,2.0,119.5,1.0,135.0,1.0,119.25,1.0,,,119.0,4.0,,,118.0,1.0,,,117.0,1.0,,,116.5,1.0,,
241,Germany_Baseload#19#0#10000106,2021-10-19 06:49:31.364000,122.0,1.0,125.0,1.0,121.9,1.0,125.1,5.0,120.75,1.0,132.0,1.0,120.0,2.0,132.15,2.0,119.5,1.0,135.0,1.0,119.25,1.0,,,119.0,4.0,,,118.0,1.0,,,117.0,1.0,,,116.5,1.0,,
242,Germany_Baseload#19#0#10000106,2021-10-19 06:49:47.273000,122.0,1.0,125.0,1.0,121.9,1.0,125.1,5.0,120.75,1.0,132.0,1.0,120.0,2.0,132.15,2.0,119.5,1.0,135.0,1.0,119.25,1.0,,,119.0,4.0,,,118.0,1.0,,,117.0,1.0,,,116.5,1.0,,
243,Germany_Baseload#19#0#10000106,2021-10-19 06:50:03.731000,122.0,2.0,125.0,1.0,121.9,1.0,125.1,5.0,120.75,1.0,132.0,1.0,120.0,2.0,132.15,2.0,119.5,1.0,135.0,1.0,119.25,1.0,,,119.0,4.0,,,118.0,1.0,,,117.0,1.0,,,116.5,1.0,,
244,Germany_Baseload#19#0#10000106,2021-10-19 06:50:20.661000,122.0,2.0,124.0,1.0,121.9,1.0,125.0,1.0,120.75,1.0,125.1,5.0,120.0,2.0,132.0,1.0,119.5,1.0,132.15,2.0,119.25,1.0,135.0,1.0,119.0,4.0,,,118.0,1.0,,,117.0,1.0,,,116.5,1.0,,
245,Germany_Baseload#19#0#10000106,2021-10-19 06:50:20.761000,122.0,2.0,124.0,1.0,121.9,1.0,125.0,5.0,120.75,1.0,125.1,1.0,120.0,2.0,132.0,1.0,119.5,1.0,132.15,2.0,119.25,1.0,135.0,1.0,119.0,4.0,,,118.0,1.0,,,117.0,1.0,,,116.5,1.0,,
246,Germany_Baseload#19#0#10000106,2021-10-19 06:50:36.208000,123.0,1.0,124.0,1.0,122.0,2.0,125.0,5.0,121.9,1.0,125.1,1.0,120.75,1.0,132.0,1.0,120.0,2.0,132.15,2.0,119.5,1.0,135.0,1.0,119.25,1.0,,,119.0,4.0,,,118.0,1.0,,,117.0,1.0,,
247,Germany_Baseload#19#0#10000106,2021-10-19 06:50:36.492000,123.0,1.0,124.0,1.0,122.9,1.0,125.0,5.0,122.0,2.0,125.1,1.0,121.9,1.0,132.0,1.0,120.75,1.0,132.15,2.0,120.0,2.0,135.0,1.0,119.5,1.0,,,119.25,1.0,,,119.0,4.0,,,118.0,1.0,,
248,Germany_Baseload#19#0#10000106,2021-10-19 06:50:36.615000,123.0,1.0,124.0,1.0,122.9,1.0,125.0,5.0,122.0,2.0,125.1,1.0,121.9,1.0,132.0,1.0,120.75,1.0,132.15,2.0,120.0,2.0,135.0,1.0,119.65,1.0,,,119.25,1.0,,,119.0,4.0,,,118.0,1.0,,
249,Germany_Baseload#19#0#10000106,2021-10-19 06:50:41.585000,123.0,1.0,124.0,1.0,122.9,1.0,124.1,1.0,122.0,2.0,125.0,5.0,121.9,1.0,132.0,1.0,120.75,1.0,132.15,2.0,120.0,2.0,135.0,1.0,119.65,1.0,,,119.25,1.0,,,119.0,4.0,,,118.0,1.0,,
250,Germany_Baseload#19#0#10000106,2021-10-19 06:50:46.704000,123.0,1.0,124.0,1.0,122.9,1.0,124.1,1.0,122.0,2.0,125.0,5.0,121.9,1.0,132.0,1.0,120.75,1.0,132.15,2.0,120.0,1.0,135.0,1.0,119.65,1.0,,,119.25,1.0,,,119.0,4.0,,,118.0,1.0,,
251,Germany_Baseload#19#0#10000106,2021-10-19 06:50:59.794000,123.0,1.0,124.0,1.0,122.9,1.0,124.1,1.0,122.0,2.0,125.0,4.0,121.9,1.0,126.0,1.0,120.75,1.0,132.0,1.0,120.0,1.0,132.15,2.0,119.65,1.0,135.0,1.0,119.25,1.0,,,119.0,4.0,,,118.0,1.0,,
252,Germany_Baseload#19#0#10000106,2021-10-19 06:51:00.195000,123.0,1.0,124.0,1.0,122.9,1.0,124.1,1.0,122.0,2.0,125.0,4.0,121.9,1.0,126.0,1.0,120.75,1.0,132.0,1.0,119.65,1.0,132.15,2.0,119.25,1.0,135.0,1.0,119.0,4.0,,,118.0,1.0,,,117.0,1.0,,
253,Germany_Baseload#19#0#10000106,2021-10-19 06:51:37.080000,123.0,1.0,124.0,1.0,122.9,1.0,124.1,1.0,122.0,2.0,125.0,4.0,120.75,1.0,126.0,1.0,119.65,1.0,132.0,1.0,119.25,1.0,132.15,2.0,119.0,4.0,135.0,1.0,118.0,1.0,,,117.0,1.0,,,116.5,1.0,,
254,Germany_Baseload#19#0#10000106,2021-10-19 06:51:49.335000,123.0,1.0,124.0,1.0,122.9,1.0,124.1,1.0,122.0,2.0,125.0,4.0,120.75,1.0,126.0,1.0,119.65,1.0,132.0,1.0,119.25,1.0,132.15,2.0,119.0,4.0,135.0,1.0,118.0,1.0,,,117.0,1.0,,,116.5,1.0,,
255,Germany_Baseload#19#0#10000106,2021-10-19 06:52:20.458000,123.0,1.0,124.1,1.0,122.9,1.0,124.5,1.0,122.0,2.0,125.0,4.0,120.75,1.0,126.0,1.0,119.65,1.0,132.0,1.0,119.25,1.0,132.15,2.0,119.0,4.0,135.0,1.0,118.0,1.0,,,117.0,1.0,,,116.5,1.0,,
256,Germany_Baseload#19#0#10000106,2021-10-19 06:52:20.569000,123.0,1.0,124.5,1.0,122.9,1.0,124.6,1.0,122.0,2.0,125.0,4.0,120.75,1.0,126.0,1.0,119.65,1.0,132.0,1.0,119.25,1.0,132.15,2.0,119.0,4.0,135.0,1.0,118.0,1.0,,,117.0,1.0,,,116.5,1.0,,
257,Germany_Baseload#19#0#10000106,2021-10-19 06:52:36.833000,123.0,1.0,124.0,1.0,122.9,1.0,124.5,1.0,122.0,2.0,124.6,1.0,120.75,1.0,125.0,4.0,119.65,1.0,126.0,1.0,119.25,1.0,132.0,1.0,119.0,4.0,132.15,2.0,118.0,1.0,135.0,1.0,117.0,1.0,,,116.5,1.0,,
258,Germany_Baseload#19#0#10000106,2021-10-19 06:52:37.444000,122.9,1.0,124.0,1.0,122.0,2.0,124.5,1.0,120.75,1.0,124.6,1.0,119.65,1.0,125.0,4.0,119.25,1.0,126.0,1.0,119.0,4.0,132.0,1.0,118.0,1.0,132.15,2.0,117.0,1.0,135.0,1.0,116.5,1.0,,,114.0,1.0,,
259,Germany_Baseload#19#0#10000106,2021-10-19 06:52:39.166000,122.9,1.0,124.0,1.0,122.0,2.0,124.5,1.0,120.75,1.0,124.6,1.0,119.65,1.0,125.0,4.0,119.25,1.0,126.0,4.0,119.0,4.0,132.0,1.0,118.0,1.0,132.15,2.0,117.0,1.0,135.0,1.0,116.5,1.0,,,114.0,1.0,,
260,Germany_Baseload#19#0#10000106,2021-10-19 06:52:39.167000,122.9,1.0,124.0,1.0,122.0,2.0,124.5,1.0,120.75,1.0,124.6,1.0,119.65,1.0,126.0,4.0,119.25,1.0,132.0,1.0,119.0,4.0,132.15,2.0,118.0,1.0,135.0,1.0,117.0,1.0,,,116.5,1.0,,,114.0,1.0,,
261,Germany_Baseload#19#0#10000106,2021-10-19 06:52:39.280000,122.0,2.0,124.0,1.0,120.75,1.0,124.5,1.0,119.65,1.0,124.6,1.0,119.25,1.0,126.0,4.0,119.0,4.0,132.0,1.0,118.0,1.0,132.15,2.0,117.0,1.0,135.0,1.0,116.5,1.0,,,114.0,1.0,,,52.0,1.0,,
262,Germany_Baseload#19#0#10000106,2021-10-19 06:52:39.409000,122.0,2.0,124.0,1.0,120.75,1.0,124.5,1.0,119.5,1.0,124.6,1.0,119.25,1.0,126.0,4.0,119.0,4.0,132.0,1.0,118.0,1.0,132.15,2.0,117.0,1.0,135.0,1.0,116.5,1.0,,,114.0,1.0,,,52.0,1.0,,
263,Germany_Baseload#19#0#10000106,2021-10-19 06:52:39.963000,122.0,2.0,124.0,1.0,121.9,1.0,124.5,1.0,120.75,1.0,124.6,1.0,119.5,1.0,126.0,4.0,119.25,1.0,132.0,1.0,119.0,4.0,132.15,2.0,118.0,1.0,135.0,1.0,117.0,1.0,,,116.5,1.0,,,114.0,1.0,,
264,Germany_Baseload#19#0#10000106,2021-10-19 06:52:54.118000,122.0,2.0,124.0,1.0,121.9,1.0,124.1,1.0,120.75,1.0,124.5,1.0,119.5,1.0,126.0,4.0,119.25,1.0,132.0,1.0,119.0,4.0,132.15,2.0,118.0,1.0,135.0,1.0,117.0,1.0,,,116.5,1.0,,,114.0,1.0,,
265,Germany_Baseload#19#0#10000106,2021-10-19 06:52:55.334000,122.0,2.0,124.0,1.0,121.9,1.0,124.1,1.0,120.75,1.0,124.5,1.0,120.0,1.0,126.0,4.0,119.5,1.0,132.0,1.0,119.25,1.0,132.15,2.0,119.0,4.0,135.0,1.0,118.0,1.0,,,117.0,1.0,,,116.5,1.0,,
266,Germany_Baseload#19#0#10000106,2021-10-19 06:53:01.317000,122.0,2.0,124.0,1.0,121.9,1.0,124.1,1.0,120.75,1.0,124.5,1.0,120.0,1.0,126.0,4.0,119.5,1.0,132.0,1.0,119.25,1.0,132.15,2.0,119.0,4.0,135.0,1.0,118.0,1.0,,,117.0,1.0,,,116.5,1.0,,
267,Germany_Baseload#19#0#10000106,2021-10-19 06:53:01.449000,122.0,2.0,124.0,1.0,120.75,1.0,124.1,1.0,120.65,1.0,124.5,1.0,120.0,1.0,126.0,4.0,119.5,1.0,132.0,1.0,119.25,1.0,132.15,2.0,119.0,4.0,135.0,1.0,118.0,1.0,,,117.0,1.0,,,116.5,1.0,,
268,Germany_Baseload#19#0#10000106,2021-10-19 06:53:03.704000,122.0,1.0,124.0,1.0,120.75,1.0,124.1,1.0,120.65,1.0,124.5,1.0,120.0,1.0,126.0,4.0,119.5,1.0,132.0,1.0,119.25,1.0,132.15,2.0,119.0,4.0,135.0,1.0,118.0,1.0,,,117.0,1.0,,,116.5,1.0,,
269,Germany_Baseload#19#0#10000106,2021-10-19 06:53:09.192000,122.0,2.0,124.0,1.0,120.75,1.0,124.1,1.0,120.65,1.0,124.5,1.0,120.0,1.0,126.0,4.0,119.5,1.0,132.0,1.0,119.25,1.0,132.15,2.0,119.0,4.0,135.0,1.0,118.0,1.0,,,117.0,1.0,,,116.5,1.0,,
270,Germany_Baseload#19#0#10000106,2021-10-19 06:53:13.308000,122.0,2.0,124.0,1.0,121.0,1.0,124.1,1.0,120.75,1.0,124.5,1.0,120.65,1.0,126.0,4.0,120.0,1.0,132.0,1.0,119.5,1.0,132.15,2.0,119.25,1.0,135.0,1.0,119.0,4.0,,,118.0,1.0,,,117.0,1.0,,
271,Germany_Baseload#19#0#10000106,2021-10-19 06:53:16.627000,122.0,2.0,124.0,1.0,121.0,1.0,124.1,1.0,120.75,1.0,124.5,1.0,120.65,1.0,126.0,4.0,120.0,1.0,132.0,1.0,119.75,1.0,132.15,2.0,119.25,1.0,135.0,1.0,119.0,4.0,,,118.0,1.0,,,117.0,1.0,,
272,Germany_Baseload#19#0#10000106,2021-10-19 06:53:18.246000,121.0,1.0,124.0,1.0,120.75,1.0,124.1,1.0,120.65,1.0,124.5,1.0,120.0,1.0,126.0,4.0,119.75,1.0,132.0,1.0,119.25,1.0,132.15,2.0,119.0,4.0,135.0,1.0,118.0,1.0,,,117.0,1.0,,,116.5,1.0,,
273,Germany_Baseload#19#0#10000106,2021-10-19 06:53:20.178000,121.0,1.0,122.0,3.0,120.75,1.0,124.0,1.0,120.65,1.0,124.1,1.0,120.0,1.0,124.5,1.0,119.75,1.0,126.0,4.0,119.25,1.0,132.0,1.0,119.0,4.0,132.15,2.0,118.0,1.0,135.0,1.0,117.0,1.0,,,116.5,1.0,,
274,Germany_Baseload#19#0#10000106,2021-10-19 06:53:23.983000,121.0,1.0,122.0,3.0,120.75,1.0,124.0,1.0,120.65,1.0,124.1,1.0,120.0,1.0,124.5,1.0,119.75,1.0,126.0,4.0,119.25,1.0,132.0,1.0,119.0,4.0,132.15,2.0,118.0,1.0,135.0,1.0,117.0,1.0,,,116.5,1.0,,
275,Germany_Baseload#19#0#10000106,2021-10-19 06:53:26.992000,121.0,1.0,124.0,1.0,120.75,1.0,124.1,1.0,120.65,1.0,124.5,1.0,120.0,1.0,126.0,4.0,119.75,1.0,132.0,1.0,119.25,1.0,132.15,2.0,119.0,4.0,135.0,1.0,118.0,1.0,,,117.0,1.0,,,116.5,1.0,,
276,Germany_Baseload#19#0#10000106,2021-10-19 06:53:27.647000,121.0,1.0,124.0,1.0,120.75,1.0,124.1,1.0,120.65,1.0,124.5,1.0,120.0,1.0,126.0,4.0,119.75,1.0,132.0,1.0,119.25,1.0,132.15,2.0,119.0,4.0,135.0,1.0,118.0,1.0,,,117.5,1.0,,,117.0,1.0,,
277,Germany_Baseload#19#0#10000106,2021-10-19 06:53:27.600000,121.0,1.0,124.0,1.0,120.75,1.0,124.1,1.0,120.65,1.0,124.5,1.0,120.0,1.0,126.0,4.0,119.75,1.0,132.0,1.0,119.25,1.0,132.15,2.0,119.0,4.0,135.0,1.0,118.0,1.0,,,117.0,1.0,,,114.0,1.0,,
278,Germany_Baseload#19#0#10000106,2021-10-19 06:53:34.523000,121.0,1.0,124.0,1.0,120.9,1.0,124.1,1.0,120.75,1.0,124.5,1.0,120.0,1.0,126.0,4.0,119.75,1.0,132.0,1.0,119.25,1.0,132.15,2.0,119.0,4.0,135.0,1.0,118.0,1.0,,,117.5,1.0,,,117.0,1.0,,
279,Germany_Baseload#19#0#10000106,2021-10-19 06:53:37.285000,121.0,1.0,124.0,1.0,120.9,1.0,124.1,1.0,120.75,1.0,124.4,1.0,120.0,1.0,124.5,1.0,119.75,1.0,126.0,4.0,119.25,1.0,132.0,1.0,119.0,4.0,132.15,2.0,118.0,1.0,135.0,1.0,117.5,1.0,,,117.0,1.0,,
280,Germany_Baseload#19#0#10000106,2021-10-19 06:53:43.810000,121.0,1.0,124.0,1.0,120.9,1.0,124.1,1.0,120.75,1.0,124.4,1.0,120.0,1.0,124.5,1.0,119.75,1.0,126.0,4.0,119.25,1.0,132.0,1.0,119.0,1.0,132.15,2.0,118.0,1.0,135.0,1.0,117.5,1.0,,,117.0,1.0,,
281,Germany_Baseload#19#0#10000106,2021-10-19 06:53:57.040000,121.0,1.0,123.0,1.0,120.9,1.0,124.0,1.0,120.75,1.0,124.1,1.0,120.0,1.0,124.4,1.0,119.75,1.0,124.5,1.0,119.25,1.0,126.0,4.0,119.0,1.0,132.0,1.0,118.0,1.0,132.15,2.0,117.5,1.0,135.0,1.0,117.0,1.0,,
282,Germany_Baseload#19#0#10000106,2021-10-19 06:54:16.667000,121.0,1.0,123.0,2.0,120.9,1.0,124.0,1.0,120.75,1.0,124.1,1.0,120.0,1.0,124.4,1.0,119.75,1.0,124.5,1.0,119.25,1.0,126.0,4.0,119.0,1.0,132.0,1.0,118.0,1.0,132.15,2.0,117.5,1.0,135.0,1.0,117.0,1.0,,
283,Germany_Baseload#19#0#10000106,2021-10-19 06:54:18.044000,121.0,1.0,123.0,2.0,120.9,1.0,123.1,2.0,120.75,1.0,124.0,1.0,120.0,1.0,124.4,1.0,119.75,1.0,124.5,1.0,119.25,1.0,126.0,4.0,119.0,1.0,132.0,1.0,118.0,1.0,132.15,2.0,117.5,1.0,135.0,1.0,117.0,1.0,,
284,Germany_Baseload#19#0#10000106,2021-10-19 06:55:21.719000,121.0,1.0,123.0,2.0,120.9,1.0,123.1,2.0,120.75,1.0,124.0,1.0,120.0,1.0,124.4,1.0,119.75,1.0,124.5,1.0,119.25,1.0,126.0,4.0,119.0,2.0,132.0,1.0,118.0,1.0,132.15,2.0,117.5,1.0,135.0,1.0,117.0,1.0,,
285,Germany_Baseload#19#0#10000106,2021-10-19 06:55:26.507000,121.0,1.0,123.0,2.0,120.9,1.0,123.1,2.0,120.75,1.0,124.0,1.0,120.0,1.0,124.4,1.0,119.75,1.0,124.5,1.0,119.25,1.0,126.0,4.0,119.0,1.0,132.0,1.0,118.0,1.0,132.15,2.0,117.5,1.0,135.0,1.0,117.0,1.0,,
286,Germany_Baseload#19#0#10000106,2021-10-19 06:55:53.032000,121.0,1.0,123.0,2.0,120.9,1.0,123.1,2.0,120.75,1.0,123.9,1.0,120.0,1.0,124.0,1.0,119.75,1.0,124.4,1.0,119.25,1.0,124.5,1.0,119.0,1.0,126.0,4.0,118.0,1.0,132.0,1.0,117.5,1.0,132.15,2.0,117.0,1.0,135.0,1.0
287,Germany_Baseload#19#0#10000106,2021-10-19 06:55:53.033000,121.0,1.0,123.0,2.0,120.9,1.0,123.1,2.0,120.75,1.0,123.9,1.0,120.0,1.0,124.0,1.0,119.75,1.0,124.5,1.0,119.25,1.0,126.0,4.0,119.0,1.0,132.0,1.0,118.0,1.0,132.15,2.0,117.5,1.0,135.0,1.0,117.0,1.0,,
288,Germany_Baseload#19#0#10000106,2021-10-19 06:56:03.154000,121.0,1.0,123.0,2.0,120.9,1.0,123.1,2.0,120.75,1.0,123.9,1.0,120.0,1.0,124.0,1.0,119.75,1.0,124.5,1.0,119.25,1.0,126.0,4.0,119.0,1.0,132.0,1.0,118.0,1.0,132.15,2.0,117.5,1.0,135.0,1.0,117.0,1.0,,
289,Germany_Baseload#19#0#10000106,2021-10-19 06:56:15.753000,121.0,1.0,122.0,4.0,120.9,1.0,123.0,2.0,120.75,1.0,123.1,2.0,120.0,1.0,123.9,1.0,119.75,1.0,124.0,1.0,119.25,1.0,124.5,1.0,119.0,1.0,126.0,4.0,118.0,1.0,132.0,1.0,117.5,1.0,132.15,2.0,117.0,1.0,135.0,1.0
290,Germany_Baseload#19#0#10000106,2021-10-19 06:56:23.442000,121.0,1.0,122.0,4.0,120.9,1.0,123.0,2.0,120.75,1.0,123.1,2.0,120.0,1.0,123.9,1.0,119.75,1.0,124.5,1.0,119.25,1.0,126.0,4.0,119.0,1.0,132.0,1.0,118.0,1.0,132.15,2.0,117.5,1.0,135.0,1.0,117.0,1.0,,
291,Germany_Baseload#19#0#10000106,2021-10-19 06:56:23.570000,121.0,1.0,122.0,4.0,120.9,1.0,123.0,1.0,120.75,1.0,123.1,2.0,120.0,1.0,123.9,1.0,119.75,1.0,124.5,1.0,119.25,1.0,126.0,4.0,119.0,1.0,132.0,1.0,118.0,1.0,132.15,2.0,117.5,1.0,135.0,1.0,117.0,1.0,,
292,Germany_Baseload#19#0#10000106,2021-10-19 06:56:24.733000,121.0,1.0,122.0,4.0,120.9,1.0,123.0,1.0,120.75,1.0,123.1,2.0,120.0,1.0,123.5,1.0,119.75,1.0,123.9,1.0,119.25,1.0,124.5,1.0,119.0,1.0,126.0,4.0,118.0,1.0,132.0,1.0,117.5,1.0,132.15,2.0,117.0,1.0,135.0,1.0
293,Germany_Baseload#19#0#10000106,2021-10-19 06:56:24.734000,121.0,1.0,122.0,4.0,120.9,1.0,123.0,1.0,120.75,1.0,123.1,2.0,120.0,1.0,123.5,1.0,119.75,1.0,124.5,1.0,119.25,1.0,126.0,4.0,119.0,1.0,132.0,1.0,118.0,1.0,132.15,2.0,117.5,1.0,135.0,1.0,117.0,1.0,,
294,Germany_Baseload#19#0#10000106,2021-10-19 06:56:35.083000,121.0,1.0,122.0,4.0,120.9,1.0,122.1,4.0,120.75,1.0,123.0,1.0,120.0,1.0,123.5,1.0,119.75,1.0,124.5,1.0,119.25,1.0,126.0,4.0,119.0,1.0,132.0,1.0,118.0,1.0,132.15,2.0,117.5,1.0,135.0,1.0,117.0,1.0,,
295,Germany_Baseload#19#0#10000106,2021-10-19 06:58:14.485000,121.0,1.0,122.0,4.0,120.9,1.0,122.1,4.0,120.75,1.0,123.0,1.0,120.0,1.0,123.5,1.0,119.75,1.0,124.5,1.0,119.25,1.0,126.0,4.0,119.0,1.0,132.0,1.0,118.0,5.0,132.15,2.0,117.5,1.0,135.0,1.0,117.0,1.0,,
296,Germany_Baseload#19#0#10000106,2021-10-19 06:58:58.809000,121.0,1.0,121.0,3.0,120.9,1.0,122.1,4.0,120.75,1.0,123.0,3.0,120.0,1.0,123.5,1.0,119.75,1.0,124.5,1.0,119.25,1.0,126.0,4.0,119.0,1.0,132.0,1.0,118.0,5.0,132.15,2.0,117.5,1.0,135.0,1.0,117.0,1.0,,
297,Germany_Baseload#19#0#10000106,2021-10-19 06:58:58.924000,121.0,1.0,121.0,3.0,120.75,1.0,122.1,4.0,120.65,1.0,123.0,3.0,120.0,1.0,123.5,1.0,119.75,1.0,124.5,1.0,119.25,1.0,126.0,4.0,119.0,1.0,132.0,1.0,118.0,5.0,132.15,2.0,117.5,1.0,135.0,1.0,117.0,1.0,,
298,Germany_Baseload#19#0#10000106,2021-10-19 06:58:59.021000,121.0,1.0,121.0,3.0,120.75,1.0,122.1,3.0,120.65,1.0,123.0,3.0,120.0,1.0,123.5,1.0,119.75,1.0,124.5,1.0,119.25,1.0,126.0,4.0,119.0,1.0,132.0,1.0,118.0,5.0,132.15,2.0,117.5,1.0,135.0,1.0,117.0,1.0,,
299,Germany_Baseload#19#0#10000106,2021-10-19 06:59:04.874000,120.75,1.0,121.0,3.0,120.65,1.0,122.1,3.0,120.0,1.0,123.0,3.0,119.75,1.0,123.5,1.0,119.25,1.0,124.5,1.0,119.0,1.0,126.0,4.0,118.0,5.0,132.0,1.0,117.5,1.0,132.15,2.0,117.0,1.0,135.0,1.0,115.0,3.0,,
300,Germany_Baseload#19#0#10000106,2021-10-19 06:59:04.927000,120.75,1.0,121.0,2.0,120.65,1.0,122.1,3.0,120.0,1.0,123.0,3.0,119.75,1.0,123.5,1.0,119.25,1.0,124.5,1.0,119.0,1.0,126.0,4.0,118.0,5.0,132.0,1.0,117.5,1.0,132.15,2.0,117.0,1.0,135.0,1.0,115.0,3.0,,
301,Germany_Baseload#19#0#10000106,2021-10-19 06:59:05.037000,120.75,1.0,121.0,2.0,120.65,1.0,121.55,2.0,120.0,1.0,123.0,3.0,119.75,1.0,123.5,1.0,119.25,1.0,124.5,1.0,119.0,1.0,126.0,4.0,118.0,5.0,132.0,1.0,117.5,1.0,132.15,2.0,117.0,1.0,135.0,1.0,115.0,3.0,,
302,Germany_Baseload#19#0#10000106,2021-10-19 06:59:17.769000,120.75,1.0,121.0,2.0,120.65,1.0,121.55,2.0,120.0,1.0,123.0,3.0,119.75,1.0,123.5,1.0,119.25,1.0,124.5,1.0,119.0,1.0,126.0,4.0,118.4,1.0,132.0,1.0,118.0,5.0,132.15,2.0,117.5,1.0,135.0,1.0,117.0,1.0,,
303,Germany_Baseload#19#0#10000106,2021-10-19 06:59:17.859000,120.75,1.0,121.0,2.0,120.65,1.0,121.1,2.0,120.0,1.0,123.0,3.0,119.75,1.0,123.5,1.0,119.25,1.0,124.5,1.0,119.0,1.0,126.0,4.0,118.4,1.0,132.0,1.0,118.0,5.0,132.15,2.0,117.5,1.0,135.0,1.0,117.0,1.0,,
304,Germany_Baseload#19#0#10000106,2021-10-19 06:59:24.928000,120.65,1.0,121.0,2.0,120.0,1.0,121.1,2.0,119.75,1.0,123.0,3.0,119.25,1.0,123.5,1.0,119.0,1.0,124.5,1.0,118.4,1.0,126.0,4.0,118.0,5.0,132.0,1.0,117.5,1.0,132.15,2.0,117.0,1.0,135.0,1.0,115.0,3.0,,
305,Germany_Baseload#19#0#10000106,2021-10-19 06:59:25.030000,120.0,1.0,121.0,2.0,119.75,1.0,121.1,2.0,119.65,1.0,123.0,3.0,119.25,1.0,123.5,1.0,119.0,1.0,124.5,1.0,118.4,1.0,126.0,4.0,118.0,5.0,132.0,1.0,117.5,1.0,132.15,2.0,117.0,1.0,135.0,1.0,115.0,3.0,,
306,Germany_Baseload#19#0#10000106,2021-10-19 06:59:28.921000,120.0,1.0,121.0,2.0,119.75,1.0,121.1,2.0,119.65,1.0,123.0,3.0,119.25,1.0,123.5,5.0,119.0,1.0,124.5,1.0,118.4,1.0,126.0,4.0,118.0,5.0,132.0,1.0,117.5,1.0,132.15,2.0,117.0,1.0,135.0,1.0,115.0,3.0,,
307,Germany_Baseload#19#0#10000106,2021-10-19 06:59:28.922000,120.0,1.0,121.0,2.0,119.75,1.0,121.1,2.0,119.65,1.0,123.0,3.0,119.25,1.0,123.5,5.0,119.0,1.0,124.5,1.0,118.4,1.0,126.0,1.0,118.0,5.0,132.0,1.0,117.5,1.0,132.15,2.0,117.0,1.0,135.0,1.0,115.0,3.0,,
308,Germany_Baseload#19#0#10000106,2021-10-19 06:59:30.484000,120.75,1.0,121.0,2.0,120.0,1.0,121.1,2.0,119.75,1.0,123.0,3.0,119.65,1.0,123.5,5.0,119.25,1.0,124.5,1.0,119.0,1.0,126.0,1.0,118.4,1.0,132.0,1.0,118.0,5.0,132.15,2.0,117.5,1.0,135.0,1.0,117.0,1.0,,
309,Germany_Baseload#19#0#10000106,2021-10-19 06:59:53.075000,120.75,1.0,121.0,2.0,120.65,1.0,121.1,2.0,120.0,1.0,123.0,3.0,119.75,1.0,123.5,5.0,119.25,1.0,124.5,1.0,119.0,1.0,126.0,1.0,118.4,1.0,132.0,1.0,118.0,5.0,132.15,2.0,117.5,1.0,135.0,1.0,117.0,1.0,,
310,Germany_Baseload#19#0#10000106,2021-10-19 06:59:57.158000,120.75,1.0,121.0,2.0,120.65,1.0,121.1,2.0,120.0,1.0,123.0,2.0,119.75,1.0,123.5,5.0,119.25,1.0,124.5,1.0,119.0,1.0,126.0,1.0,118.4,1.0,132.0,1.0,118.0,5.0,132.15,2.0,117.5,1.0,135.0,1.0,117.0,1.0,,
311,Germany_Baseload#19#0#10000106,2021-10-19 06:59:57.160000,120.75,1.0,121.0,2.0,120.65,1.0,121.1,2.0,120.0,1.0,123.0,2.0,119.75,1.0,123.5,5.0,119.25,1.0,126.0,1.0,119.0,1.0,132.0,1.0,118.4,1.0,132.15,2.0,118.0,5.0,135.0,1.0,117.5,1.0,,,117.0,1.0,,
312,Germany_Baseload#19#0#10000106,2021-10-19 06:59:59.985000,120.75,1.0,121.1,2.0,120.65,1.0,123.0,2.0,120.0,1.0,123.5,5.0,119.75,1.0,126.0,1.0,119.25,1.0,132.0,1.0,119.0,1.0,132.15,2.0,118.4,1.0,135.0,1.0,118.0,5.0,,,117.5,1.0,,,117.0,1.0,,
313,Germany_Baseload#19#0#10000106,2021-10-19 06:59:59.986000,120.75,1.0,121.1,2.0,120.65,1.0,123.0,2.0,120.0,1.0,123.5,6.0,119.75,1.0,126.0,1.0,119.25,1.0,132.0,1.0,119.0,1.0,132.15,2.0,118.4,1.0,135.0,1.0,118.0,5.0,,,117.5,1.0,,,117.0,1.0,,
314,Germany_Baseload#19#0#10000106,2021-10-19 07:00:00.414000,120.75,1.0,123.0,2.0,120.65,1.0,123.1,2.0,120.0,1.0,123.5,6.0,119.75,1.0,126.0,1.0,119.25,1.0,132.0,1.0,119.0,1.0,132.15,2.0,118.4,1.0,135.0,1.0,118.0,5.0,,,117.5,1.0,,,117.0,1.0,,
315,Germany_Baseload#19#0#10000106,2021-10-19 07:00:04.660000,120.75,1.0,122.0,1.0,120.65,1.0,123.0,2.0,120.0,1.0,123.1,2.0,119.75,1.0,123.5,5.0,119.25,1.0,126.0,1.0,119.0,1.0,132.0,1.0,118.4,1.0,132.15,2.0,118.0,5.0,135.0,1.0,117.5,1.0,,,117.0,1.0,,
316,Germany_Baseload#19#0#10000106,2021-10-19 07:00:04.750000,120.75,1.0,122.0,1.0,120.65,1.0,123.0,2.0,120.0,1.0,123.1,1.0,119.75,1.0,123.5,5.0,119.25,1.0,126.0,1.0,119.0,1.0,132.0,1.0,118.4,1.0,132.15,2.0,118.0,5.0,135.0,1.0,117.5,1.0,,,117.0,1.0,,
317,Germany_Baseload#19#0#10000106,2021-10-19 07:00:10.681000,120.75,1.0,122.0,1.0,120.65,1.0,123.0,2.0,120.0,1.0,123.1,1.0,119.75,1.0,123.5,5.0,119.25,1.0,126.0,1.0,119.0,1.0,132.0,1.0,118.9,1.0,132.15,2.0,118.4,1.0,135.0,1.0,118.0,5.0,,,117.5,1.0,,
318,Germany_Baseload#19#0#10000106,2021-10-19 07:00:10.682000,120.75,1.0,122.0,1.0,120.65,1.0,123.0,2.0,120.0,1.0,123.1,1.0,119.75,1.0,123.5,5.0,119.25,1.0,126.0,1.0,119.0,1.0,132.0,1.0,118.9,1.0,132.15,2.0,118.0,5.0,135.0,1.0,117.5,1.0,,,117.0,1.0,,
319,Germany_Baseload#19#0#10000106,2021-10-19 07:00:20.306000,120.75,1.0,122.0,1.0,120.65,1.0,123.0,2.0,120.0,1.0,123.1,1.0,119.75,1.0,123.5,5.0,119.4,1.0,126.0,1.0,119.25,1.0,132.0,1.0,119.0,1.0,132.15,2.0,118.9,1.0,135.0,1.0,118.0,5.0,,,117.5,1.0,,
320,Germany_Baseload#19#0#10000106,2021-10-19 07:00:20.307000,120.75,1.0,122.0,1.0,120.65,1.0,123.0,2.0,120.0,1.0,123.1,1.0,119.75,1.0,123.5,5.0,119.4,1.0,126.0,1.0,119.25,1.0,132.0,1.0,119.0,1.0,132.15,2.0,118.0,5.0,135.0,1.0,117.5,1.0,,,117.0,1.0,,
321,Germany_Baseload#19#0#10000106,2021-10-19 07:00:25.306000,120.75,1.0,123.0,2.0,120.65,1.0,123.1,1.0,120.0,1.0,123.5,5.0,119.75,1.0,126.0,1.0,119.4,1.0,132.0,1.0,119.25,1.0,132.15,2.0,119.0,1.0,135.0,1.0,118.0,5.0,,,117.5,1.0,,,117.0,1.0,,
322,Germany_Baseload#19#0#10000106,2021-10-19 07:00:28.930000,120.75,1.0,123.0,1.0,120.65,1.0,123.1,1.0,120.0,1.0,123.5,5.0,119.75,1.0,126.0,1.0,119.4,1.0,132.0,1.0,119.25,1.0,132.15,2.0,119.0,1.0,135.0,1.0,118.0,5.0,,,117.5,1.0,,,117.0,1.0,,
323,Germany_Baseload#19#0#10000106,2021-10-19 07:00:35.412000,120.75,1.0,122.0,1.0,120.65,1.0,123.0,1.0,120.0,1.0,123.1,1.0,119.75,1.0,123.5,5.0,119.4,1.0,126.0,1.0,119.25,1.0,132.0,1.0,119.0,1.0,132.15,2.0,118.0,5.0,135.0,1.0,117.5,1.0,,,117.0,1.0,,
324,Germany_Baseload#19#0#10000106,2021-10-19 07:00:40.999000,120.75,1.0,123.0,1.0,120.65,1.0,123.1,1.0,120.0,1.0,123.5,5.0,119.75,1.0,126.0,1.0,119.4,1.0,132.0,1.0,119.25,1.0,132.15,2.0,119.0,1.0,135.0,1.0,118.0,5.0,,,117.5,1.0,,,117.0,1.0,,
325,Germany_Baseload#19#0#10000106,2021-10-19 07:00:44.339000,120.75,1.0,123.0,1.0,120.65,1.0,123.1,1.0,120.0,1.0,123.5,5.0,119.75,1.0,126.0,1.0,119.6,1.0,132.0,1.0,119.4,1.0,132.15,2.0,119.25,1.0,135.0,1.0,119.0,1.0,,,118.0,5.0,,,117.5,1.0,,
326,Germany_Baseload#19#0#10000106,2021-10-19 07:00:44.340000,120.75,1.0,123.0,1.0,120.65,1.0,123.1,1.0,120.0,1.0,123.5,5.0,119.75,1.0,126.0,1.0,119.6,1.0,132.0,1.0,119.25,1.0,132.15,2.0,119.0,1.0,135.0,1.0,118.0,5.0,,,117.5,1.0,,,117.0,1.0,,
327,Germany_Baseload#19#0#10000106,2021-10-19 07:00:49.913000,120.75,1.0,122.0,1.0,120.65,1.0,123.0,1.0,120.0,1.0,123.1,1.0,119.75,1.0,123.5,5.0,119.6,1.0,126.0,1.0,119.25,1.0,132.0,1.0,119.0,1.0,132.15,2.0,118.0,5.0,135.0,1.0,117.5,1.0,,,117.0,1.0,,
328,Germany_Baseload#19#0#10000106,2021-10-19 07:00:56.049000,120.65,1.0,122.0,1.0,120.0,1.0,123.0,1.0,119.75,1.0,123.1,1.0,119.6,1.0,123.5,5.0,119.25,1.0,126.0,1.0,119.0,1.0,132.0,1.0,118.0,5.0,132.15,2.0,117.5,1.0,135.0,1.0,117.0,1.0,,,115.0,3.0,,
329,Germany_Baseload#19#0#10000106,2021-10-19 07:00:56.149000,120.0,1.0,122.0,1.0,119.75,1.0,123.0,1.0,119.65,1.0,123.1,1.0,119.6,1.0,123.5,5.0,119.25,1.0,126.0,1.0,119.0,1.0,132.0,1.0,118.0,5.0,132.15,2.0,117.5,1.0,135.0,1.0,117.0,1.0,,,115.0,3.0,,
330,Germany_Baseload#19#0#10000106,2021-10-19 07:01:06.619000,121.0,1.0,122.0,1.0,120.0,1.0,123.0,1.0,119.75,1.0,123.1,1.0,119.65,1.0,123.5,5.0,119.6,1.0,126.0,1.0,119.25,1.0,132.0,1.0,119.0,1.0,132.15,2.0,118.0,5.0,135.0,1.0,117.5,1.0,,,117.0,1.0,,
331,Germany_Baseload#19#0#10000106,2021-10-19 07:01:06.740000,121.0,1.0,122.0,1.0,120.0,1.0,123.0,1.0,119.8,1.0,123.1,1.0,119.65,1.0,123.5,5.0,119.6,1.0,126.0,1.0,119.25,1.0,132.0,1.0,119.0,1.0,132.15,2.0,118.0,5.0,135.0,1.0,117.5,1.0,,,117.0,1.0,,
332,Germany_Baseload#19#0#10000106,2021-10-19 07:01:06.992000,121.0,1.0,122.0,1.0,120.0,1.0,123.0,1.0,119.8,1.0,123.1,1.0,119.65,1.0,123.5,5.0,119.25,1.0,126.0,1.0,119.0,1.0,132.0,1.0,118.0,5.0,132.15,2.0,117.5,1.0,135.0,1.0,117.0,1.0,,,115.0,3.0,,
333,Germany_Baseload#19#0#10000106,2021-10-19 07:01:08.496000,121.0,1.0,122.0,3.0,120.0,1.0,123.0,1.0,119.8,1.0,123.1,1.0,119.65,1.0,123.5,5.0,119.25,1.0,126.0,1.0,119.0,1.0,132.0,1.0,118.0,5.0,132.15,2.0,117.5,1.0,135.0,1.0,117.0,1.0,,,115.0,3.0,,
334,Germany_Baseload#19#0#10000106,2021-10-19 07:01:09.575000,121.0,1.0,122.0,3.0,120.0,1.0,122.1,1.0,119.8,1.0,123.0,1.0,119.65,1.0,123.5,5.0,119.25,1.0,126.0,1.0,119.0,1.0,132.0,1.0,118.0,5.0,132.15,2.0,117.5,1.0,135.0,1.0,117.0,1.0,,,115.0,3.0,,
335,Germany_Baseload#19#0#10000106,2021-10-19 07:01:28.768000,121.0,1.0,122.0,2.0,120.0,1.0,122.1,1.0,119.8,1.0,123.0,1.0,119.65,1.0,123.5,5.0,119.25,1.0,126.0,1.0,119.0,1.0,132.0,1.0,118.0,5.0,132.15,2.0,117.5,1.0,135.0,1.0,117.0,1.0,,,115.0,3.0,,
336,Germany_Baseload#19#0#10000106,2021-10-19 07:01:28.861000,121.0,1.0,122.0,2.0,120.0,1.0,123.0,1.0,119.8,1.0,123.1,1.0,119.65,1.0,123.5,5.0,119.25,1.0,126.0,1.0,119.0,1.0,132.0,1.0,118.0,5.0,132.15,2.0,117.5,1.0,135.0,1.0,117.0,1.0,,,115.0,3.0,,
337,Germany_Baseload#19#0#10000106,2021-10-19 07:01:29.783000,121.0,1.0,122.0,2.0,120.9,1.0,123.0,1.0,120.0,1.0,123.1,1.0,119.8,1.0,123.5,5.0,119.25,1.0,126.0,1.0,119.0,1.0,132.0,1.0,118.0,5.0,132.15,2.0,117.5,1.0,135.0,1.0,117.0,1.0,,,115.0,3.0,,
338,Germany_Baseload#19#0#10000106,2021-10-19 07:01:41.055000,121.0,1.0,122.0,2.0,120.9,1.0,123.0,3.0,120.0,1.0,123.1,1.0,119.8,1.0,123.5,4.0,119.25,1.0,126.0,1.0,119.0,1.0,132.0,1.0,118.0,5.0,132.15,2.0,117.5,1.0,135.0,1.0,117.0,1.0,,,115.0,3.0,,
339,Germany_Baseload#19#0#10000106,2021-10-19 07:01:41.056000,121.0,1.0,122.0,2.0,120.9,1.0,123.0,3.0,120.0,1.0,123.1,1.0,119.8,1.0,123.5,4.0,119.25,1.0,124.0,1.0,119.0,1.0,126.0,1.0,118.0,5.0,132.0,1.0,117.5,1.0,132.15,2.0,117.0,1.0,135.0,1.0,115.0,3.0,,
340,Germany_Baseload#19#0#10000106,2021-10-19 07:01:51.006000,121.0,1.0,122.5,2.0,120.9,1.0,123.0,3.0,120.0,1.0,123.1,1.0,119.8,1.0,123.5,4.0,119.25,1.0,124.0,1.0,119.0,1.0,126.0,1.0,118.0,5.0,132.0,1.0,117.5,1.0,132.15,2.0,117.0,1.0,135.0,1.0,115.0,3.0,,
341,Germany_Baseload#19#0#10000106,2021-10-19 07:02:19.112000,121.0,1.0,123.0,3.0,120.9,1.0,123.1,1.0,120.0,1.0,123.5,4.0,119.8,1.0,124.0,1.0,119.25,1.0,126.0,1.0,119.0,1.0,132.0,1.0,118.0,5.0,132.15,2.0,117.5,1.0,135.0,1.0,117.0,1.0,,,115.0,3.0,,
342,Germany_Baseload#19#0#10000106,2021-10-19 07:02:19.344000,121.0,1.0,123.0,3.0,120.9,1.0,123.1,1.0,120.0,1.0,123.5,4.0,119.8,1.0,126.0,1.0,119.25,1.0,132.0,1.0,119.0,1.0,132.15,2.0,118.0,5.0,135.0,1.0,117.5,1.0,,,117.0,1.0,,,115.0,3.0,,
343,Germany_Baseload#19#0#10000106,2021-10-19 07:02:19.345000,121.0,1.0,123.0,3.0,120.9,1.0,123.1,1.0,120.0,1.0,123.5,4.0,119.8,1.0,126.0,1.0,119.25,1.0,132.0,1.0,119.0,1.0,132.15,2.0,118.0,5.0,135.0,1.0,117.5,1.0,,,117.0,1.0,,,115.0,3.0,,
344,Germany_Baseload#19#0#10000106,2021-10-19 07:02:21.171000,122.0,1.0,123.0,3.0,121.0,1.0,123.1,1.0,120.9,1.0,123.5,4.0,120.0,1.0,126.0,1.0,119.8,1.0,132.0,1.0,119.25,1.0,132.15,2.0,119.0,1.0,135.0,1.0,118.0,5.0,,,117.5,1.0,,,117.0,1.0,,
345,Germany_Baseload#19#0#10000106,2021-10-19 07:02:21.389000,122.0,1.0,123.0,3.0,121.0,1.0,123.1,1.0,120.9,1.0,123.5,4.0,120.0,1.0,126.0,1.0,119.75,1.0,132.0,1.0,119.25,1.0,132.15,2.0,119.0,1.0,135.0,1.0,118.0,5.0,,,117.5,1.0,,,117.0,1.0,,
346,Germany_Baseload#19#0#10000106,2021-10-19 07:02:21.872000,122.0,1.0,123.0,3.0,121.0,1.0,123.1,1.0,120.9,1.0,123.5,4.0,120.0,1.0,126.0,1.0,119.75,1.0,132.0,1.0,119.25,1.0,132.15,2.0,119.0,1.0,135.0,1.0,118.0,5.0,136.0,5.0,117.5,1.0,,,117.0,1.0,,
347,Germany_Baseload#19#0#10000106,2021-10-19 07:02:28.901000,122.0,1.0,123.0,3.0,121.0,1.0,123.1,1.0,120.9,1.0,123.5,4.0,120.0,1.0,126.0,1.0,119.75,1.0,132.0,1.0,119.25,1.0,132.15,2.0,119.0,1.0,135.0,1.0,118.0,5.0,,,117.5,1.0,,,117.0,1.0,,
348,Germany_Baseload#19#0#10000106,2021-10-19 07:02:34.815000,122.0,1.0,123.0,3.0,121.0,1.0,123.1,1.0,120.9,1.0,123.5,4.0,120.0,1.0,126.0,1.0,119.75,1.0,132.0,1.0,119.25,1.0,132.15,2.0,119.0,1.0,135.0,1.0,118.0,5.0,136.0,5.0,117.5,1.0,,,117.0,1.0,,
349,Germany_Baseload#19#0#10000106,2021-10-19 07:02:40.587000,122.0,1.0,123.0,3.0,121.0,1.0,123.1,1.0,120.9,1.0,123.5,4.0,120.0,1.0,126.0,1.0,119.75,1.0,132.0,1.0,119.25,1.0,132.15,2.0,119.0,1.0,135.0,1.0,118.0,5.0,,,117.5,1.0,,,117.0,1.0,,
350,Germany_Baseload#19#0#10000106,2021-10-19 07:02:43.555000,122.0,1.0,123.0,3.0,121.0,1.0,123.1,1.0,120.9,1.0,123.5,4.0,120.0,1.0,126.0,1.0,119.75,1.0,132.0,1.0,119.25,1.0,132.15,2.0,119.0,1.0,135.0,1.0,118.0,5.0,136.0,5.0,117.5,1.0,,,117.0,1.0,,
351,Germany_Baseload#19#0#10000106,2021-10-19 07:02:45.081000,122.0,1.0,123.0,3.0,121.9,1.0,123.1,1.0,121.0,1.0,123.5,4.0,120.0,1.0,126.0,1.0,119.75,1.0,132.0,1.0,119.25,1.0,132.15,2.0,119.0,1.0,135.0,1.0,118.0,5.0,136.0,5.0,117.5,1.0,,,117.0,1.0,,
352,Germany_Baseload#19#0#10000106,2021-10-19 07:02:51.956000,122.0,1.0,123.0,3.0,121.9,1.0,123.1,1.0,121.0,1.0,123.5,4.0,120.0,1.0,126.0,1.0,119.75,1.0,132.0,1.0,119.25,1.0,132.15,2.0,119.0,1.0,135.0,1.0,118.0,5.0,,,117.5,1.0,,,117.0,1.0,,
353,Germany_Baseload#19#0#10000106,2021-10-19 07:02:52.392000,122.0,1.0,123.0,3.0,121.9,1.0,123.1,1.0,121.0,1.0,123.5,4.0,120.0,1.0,126.0,1.0,119.75,1.0,132.0,1.0,119.25,1.0,132.15,2.0,119.0,1.0,135.0,1.0,118.0,5.0,136.0,5.0,117.5,1.0,,,117.0,1.0,,
354,Germany_Baseload#19#0#10000106,2021-10-19 07:02:58.293000,122.0,1.0,123.0,3.0,121.9,1.0,123.1,1.0,121.0,1.0,123.5,4.0,120.0,1.0,126.0,1.0,119.75,1.0,132.0,1.0,119.25,1.0,132.15,2.0,119.0,1.0,135.0,1.0,118.0,5.0,,,117.5,1.0,,,117.0,1.0,,
355,Germany_Baseload#19#0#10000106,2021-10-19 07:03:00.756000,122.0,1.0,123.0,2.0,121.9,1.0,123.1,1.0,121.0,1.0,123.5,4.0,120.0,1.0,126.0,1.0,119.75,1.0,132.0,1.0,119.25,1.0,132.15,2.0,119.0,1.0,135.0,1.0,118.0,5.0,,,117.5,1.0,,,117.0,1.0,,
356,Germany_Baseload#19#0#10000106,2021-10-19 07:03:00.779000,122.0,1.0,123.0,1.0,121.9,1.0,123.1,1.0,121.0,1.0,123.5,4.0,120.0,1.0,126.0,1.0,119.75,1.0,132.0,1.0,119.25,1.0,132.15,2.0,119.0,1.0,135.0,1.0,118.0,5.0,,,117.5,1.0,,,117.0,1.0,,
357,Germany_Baseload#19#0#10000106,2021-10-19 07:03:00.827000,122.0,1.0,123.1,1.0,121.9,1.0,123.5,4.0,121.0,1.0,126.0,1.0,120.0,1.0,132.0,1.0,119.75,1.0,132.15,2.0,119.25,1.0,135.0,1.0,119.0,1.0,,,118.0,5.0,,,117.5,1.0,,,117.0,1.0,,
358,Germany_Baseload#19#0#10000106,2021-10-19 07:03:00.924000,122.0,1.0,123.5,4.0,121.9,1.0,123.6,1.0,121.0,1.0,126.0,1.0,120.0,1.0,132.0,1.0,119.75,1.0,132.15,2.0,119.25,1.0,135.0,1.0,119.0,1.0,,,118.0,5.0,,,117.5,1.0,,,117.0,1.0,,
359,Germany_Baseload#19#0#10000106,2021-10-19 07:03:01.230000,122.0,1.0,123.5,4.0,121.9,1.0,123.6,1.0,121.0,1.0,126.0,1.0,120.0,1.0,132.0,1.0,119.75,1.0,132.15,2.0,119.25,1.0,135.0,1.0,119.0,1.0,136.0,5.0,118.0,5.0,,,117.5,1.0,,,117.0,1.0,,
360,Germany_Baseload#19#0#10000106,2021-10-19 07:03:05.248000,122.0,1.0,123.5,4.0,121.9,1.0,123.6,1.0,121.0,1.0,126.0,1.0,120.75,5.0,132.0,1.0,120.0,1.0,132.15,2.0,119.75,1.0,135.0,1.0,119.25,1.0,136.0,5.0,119.0,1.0,,,118.0,5.0,,,117.5,1.0,,
361,Germany_Baseload#19#0#10000106,2021-10-19 07:03:10.656000,122.0,1.0,123.5,4.0,121.9,1.0,123.6,1.0,121.0,1.0,126.0,1.0,120.0,1.0,132.0,1.0,119.75,1.0,132.15,2.0,119.25,1.0,135.0,1.0,119.0,1.0,136.0,5.0,118.0,5.0,,,117.5,1.0,,,117.0,1.0,,
362,Germany_Baseload#19#0#10000106,2021-10-19 07:03:16.288000,122.0,1.0,123.5,4.0,121.9,1.0,123.6,1.0,121.0,1.0,126.0,1.0,120.0,1.0,132.0,1.0,119.75,1.0,132.15,2.0,119.25,1.0,135.0,1.0,119.0,1.0,135.8,5.0,118.0,5.0,,,117.5,1.0,,,117.0,1.0,,
363,Germany_Baseload#19#0#10000106,2021-10-19 07:03:17.587000,122.0,1.0,123.5,4.0,121.9,1.0,123.6,1.0,121.0,1.0,126.0,1.0,120.0,1.0,132.0,1.0,119.75,1.0,132.15,2.0,119.25,1.0,135.0,1.0,119.0,1.0,,,118.0,5.0,,,117.5,1.0,,,117.0,1.0,,
364,Germany_Baseload#19#0#10000106,2021-10-19 07:03:19.149000,122.0,1.0,123.5,4.0,121.9,1.0,123.6,1.0,121.0,1.0,126.0,1.0,120.0,1.0,132.0,1.0,119.75,1.0,132.15,2.0,119.25,1.0,135.0,1.0,119.0,1.0,136.0,5.0,118.0,5.0,,,117.5,1.0,,,117.0,1.0,,
365,Germany_Baseload#19#0#10000106,2021-10-19 07:03:23.622000,122.0,1.0,123.5,4.0,121.9,1.0,123.6,1.0,121.0,1.0,126.0,1.0,120.75,2.0,132.0,1.0,119.75,1.0,132.15,2.0,119.25,1.0,135.0,1.0,119.0,1.0,136.0,5.0,118.0,5.0,,,117.5,1.0,,,117.0,1.0,,
366,Germany_Baseload#19#0#10000106,2021-10-19 07:03:26.587000,122.0,1.0,123.5,4.0,121.9,1.0,123.6,1.0,121.0,1.0,126.0,1.0,120.75,2.0,132.0,5.0,119.75,1.0,132.15,2.0,119.25,1.0,135.0,1.0,119.0,1.0,,,118.0,5.0,,,117.5,1.0,,,117.0,1.0,,
367,Germany_Baseload#19#0#10000106,2021-10-19 07:03:28.064000,123.0,1.0,123.5,4.0,122.0,1.0,123.6,1.0,121.9,1.0,126.0,1.0,121.0,1.0,132.0,5.0,120.75,2.0,132.15,2.0,119.75,1.0,135.0,1.0,119.25,1.0,,,119.0,1.0,,,118.0,5.0,,,117.5,1.0,,
368,Germany_Baseload#19#0#10000106,2021-10-19 07:03:28.929000,122.0,1.0,123.5,4.0,121.9,1.0,123.6,1.0,121.0,1.0,126.0,1.0,120.75,2.0,132.0,5.0,119.75,1.0,132.15,2.0,119.25,1.0,135.0,1.0,119.0,1.0,,,118.0,5.0,,,117.5,1.0,,,117.0,1.0,,
369,Germany_Baseload#19#0#10000106,2021-10-19 07:03:29.887000,122.0,1.0,123.5,4.0,121.9,1.0,123.6,1.0,120.75,2.0,126.0,1.0,119.75,1.0,132.0,5.0,119.25,1.0,132.15,2.0,119.0,1.0,135.0,1.0,118.0,5.0,,,117.5,1.0,,,117.0,1.0,,,115.0,3.0,,
370,Germany_Baseload#19#0#10000106,2021-10-19 07:03:39.238000,122.0,1.0,123.5,4.0,121.9,1.0,123.6,1.0,120.75,2.0,126.0,1.0,119.75,1.0,131.8,5.0,119.25,1.0,132.0,1.0,119.0,1.0,132.15,2.0,118.0,5.0,135.0,1.0,117.5,1.0,,,117.0,1.0,,,115.0,3.0,,
371,Germany_Baseload#19#0#10000106,2021-10-19 07:03:44.099000,122.0,1.0,123.5,4.0,121.9,1.0,123.6,1.0,120.75,2.0,126.0,1.0,119.75,1.0,132.0,5.0,119.25,1.0,132.15,2.0,119.0,1.0,135.0,1.0,118.0,5.0,,,117.5,1.0,,,117.0,1.0,,,115.0,3.0,,
372,Germany_Baseload#19#0#10000106,2021-10-19 07:03:48.143000,122.0,1.0,123.5,4.0,121.9,1.0,123.6,1.0,120.75,2.0,126.0,1.0,119.75,1.0,132.0,1.0,119.25,1.0,132.15,2.0,119.0,1.0,135.0,1.0,118.0,5.0,,,117.5,1.0,,,117.0,1.0,,,115.0,3.0,,
373,Germany_Baseload#19#0#10000106,2021-10-19 07:03:48.333000,122.0,1.0,123.5,4.0,121.9,1.0,123.6,1.0,120.75,2.0,126.0,1.0,119.75,1.0,132.0,5.0,119.25,1.0,132.15,2.0,119.0,1.0,135.0,1.0,118.0,5.0,,,117.5,1.0,,,117.0,1.0,,,115.0,3.0,,
374,Germany_Baseload#19#0#10000106,2021-10-19 07:03:57.587000,122.0,1.0,123.5,4.0,121.9,1.0,123.6,1.0,120.75,2.0,126.0,1.0,119.75,1.0,131.8,5.0,119.25,1.0,132.0,1.0,119.0,1.0,132.15,2.0,118.0,5.0,135.0,1.0,117.5,1.0,,,117.0,1.0,,,115.0,3.0,,
375,Germany_Baseload#19#0#10000106,2021-10-19 07:03:58.996000,122.0,1.0,123.6,1.0,121.9,1.0,125.0,4.0,120.75,2.0,126.0,1.0,119.75,1.0,131.8,5.0,119.25,1.0,132.0,1.0,119.0,1.0,132.15,2.0,118.0,5.0,135.0,1.0,117.5,1.0,,,117.0,1.0,,,115.0,3.0,,
376,Germany_Baseload#19#0#10000106,2021-10-19 07:03:59.093000,122.0,1.0,125.0,4.0,121.9,1.0,125.1,4.0,120.75,2.0,126.0,1.0,119.75,1.0,131.8,5.0,119.25,1.0,132.0,1.0,119.0,1.0,132.15,2.0,118.0,5.0,135.0,1.0,117.5,1.0,,,117.0,1.0,,,115.0,3.0,,
377,Germany_Baseload#19#0#10000106,2021-10-19 07:04:07.574000,122.0,1.0,125.0,4.0,121.9,1.0,125.1,4.0,120.75,2.0,126.0,1.0,119.75,1.0,132.0,5.0,119.25,1.0,132.15,2.0,119.0,1.0,135.0,1.0,118.0,5.0,,,117.5,1.0,,,117.0,1.0,,,115.0,3.0,,
378,Germany_Baseload#19#0#10000106,2021-10-19 07:04:08.634000,122.0,1.0,125.0,4.0,121.9,1.0,125.1,4.0,120.75,2.0,126.0,1.0,119.75,1.0,132.0,1.0,119.25,1.0,132.15,2.0,119.0,1.0,135.0,1.0,118.0,5.0,,,117.5,1.0,,,117.0,1.0,,,115.0,3.0,,
379,Germany_Baseload#19#0#10000106,2021-10-19 07:04:12.446000,122.0,1.0,125.0,4.0,121.9,1.0,125.1,4.0,120.75,2.0,126.0,1.0,119.75,1.0,132.0,5.0,119.25,1.0,132.15,2.0,119.0,1.0,135.0,1.0,118.0,5.0,,,117.5,1.0,,,117.0,1.0,,,115.0,3.0,,
380,Germany_Baseload#19#0#10000106,2021-10-19 07:04:38.235000,122.0,1.0,125.0,1.0,121.9,1.0,125.1,4.0,120.75,2.0,126.0,1.0,119.75,1.0,132.0,5.0,119.25,1.0,132.15,2.0,119.0,1.0,135.0,1.0,118.0,5.0,,,117.5,1.0,,,117.0,1.0,,,115.0,3.0,,
381,Germany_Baseload#19#0#10000106,2021-10-19 07:04:52.517000,122.0,1.0,125.0,1.0,121.9,1.0,125.1,4.0,120.75,2.0,126.0,1.0,119.75,1.0,132.0,1.0,119.25,1.0,132.15,2.0,119.0,1.0,135.0,1.0,118.0,5.0,,,117.5,1.0,,,117.0,1.0,,,115.0,3.0,,
382,Germany_Baseload#19#0#10000106,2021-10-19 07:06:01.397000,122.0,1.0,124.0,1.0,121.9,1.0,125.0,1.0,120.75,2.0,125.1,4.0,119.75,1.0,126.0,1.0,119.25,1.0,132.0,1.0,119.0,1.0,132.15,2.0,118.0,5.0,135.0,1.0,117.5,1.0,,,117.0,1.0,,,115.0,3.0,,
383,Germany_Baseload#19#0#10000106,2021-10-19 07:06:01.511000,122.0,1.0,124.0,1.0,121.9,1.0,125.0,5.0,120.75,2.0,125.1,1.0,119.75,1.0,126.0,1.0,119.25,1.0,132.0,1.0,119.0,1.0,132.15,2.0,118.0,5.0,135.0,1.0,117.5,1.0,,,117.0,1.0,,,115.0,3.0,,
384,Germany_Baseload#19#0#10000106,2021-10-19 07:06:23.090000,122.0,1.0,124.0,1.0,121.9,1.0,124.1,1.0,120.75,2.0,125.0,5.0,119.75,1.0,126.0,1.0,119.25,1.0,132.0,1.0,119.0,1.0,132.15,2.0,118.0,5.0,135.0,1.0,117.5,1.0,,,117.0,1.0,,,115.0,3.0,,
385,Germany_Baseload#19#0#10000106,2021-10-19 07:06:27.001000,122.0,1.0,124.0,1.0,121.9,1.0,124.1,1.0,120.75,2.0,125.0,5.0,119.75,1.0,126.0,1.0,119.25,1.0,132.0,1.0,119.0,1.0,132.15,2.0,118.0,5.0,135.0,1.0,117.0,1.0,,,115.0,3.0,,,114.0,1.0,,
386,Germany_Baseload#19#0#10000106,2021-10-19 07:06:27.021000,122.0,1.0,124.0,1.0,121.9,1.0,124.1,1.0,120.75,2.0,125.0,5.0,119.75,1.0,126.0,1.0,119.25,1.0,132.0,1.0,119.0,1.0,132.15,2.0,118.15,1.0,135.0,1.0,118.0,5.0,,,117.0,1.0,,,115.0,3.0,,
387,Germany_Baseload#19#0#10000106,2021-10-19 07:06:32.014000,122.0,1.0,124.0,1.0,121.9,1.0,124.1,1.0,120.75,2.0,125.0,5.0,120.25,1.0,126.0,1.0,119.75,1.0,132.0,1.0,119.25,1.0,132.15,2.0,119.0,1.0,135.0,1.0,118.15,1.0,,,118.0,5.0,,,117.0,1.0,,
388,Germany_Baseload#19#0#10000106,2021-10-19 07:06:42.952000,122.0,1.0,124.0,1.0,121.9,1.0,124.1,1.0,120.75,2.0,125.0,5.0,120.0,1.0,126.0,1.0,119.75,1.0,132.0,1.0,119.25,1.0,132.15,2.0,119.0,1.0,135.0,1.0,118.15,1.0,,,118.0,5.0,,,117.0,1.0,,
389,Germany_Baseload#19#0#10000106,2021-10-19 07:07:24.283000,122.0,1.0,124.0,1.0,121.9,1.0,124.1,1.0,121.5,2.0,125.0,5.0,120.0,1.0,126.0,1.0,119.75,1.0,132.0,1.0,119.25,1.0,132.15,2.0,119.0,1.0,135.0,1.0,118.15,1.0,,,118.0,5.0,,,117.0,1.0,,
390,Germany_Baseload#19#0#10000106,2021-10-19 07:07:58.060000,123.0,1.0,124.0,1.0,122.0,1.0,124.1,1.0,121.9,1.0,125.0,5.0,121.5,2.0,126.0,1.0,120.0,1.0,132.0,1.0,119.75,1.0,132.15,2.0,119.25,1.0,135.0,1.0,119.0,1.0,,,118.15,1.0,,,118.0,5.0,,
391,Germany_Baseload#19#0#10000106,2021-10-19 07:08:44.809000,123.5,1.0,124.0,1.0,122.0,1.0,124.1,1.0,121.9,1.0,125.0,5.0,121.5,2.0,126.0,1.0,120.0,1.0,132.0,1.0,119.75,1.0,132.15,2.0,119.25,1.0,135.0,1.0,119.0,1.0,,,118.15,1.0,,,118.0,5.0,,
392,Germany_Baseload#19#0#10000106,2021-10-19 07:08:53.243000,123.5,1.0,124.0,1.0,122.0,1.0,124.1,1.0,121.9,1.0,125.0,5.0,121.5,2.0,126.0,1.0,120.0,1.0,132.0,1.0,119.9,1.0,132.15,2.0,119.25,1.0,135.0,1.0,119.0,1.0,,,118.15,1.0,,,118.0,5.0,,
393,Germany_Baseload#19#0#10000106,2021-10-19 07:08:56.256000,123.6,1.0,124.0,1.0,123.5,1.0,124.1,1.0,122.0,1.0,125.0,5.0,121.9,1.0,126.0,1.0,121.5,2.0,132.0,1.0,120.0,1.0,132.15,2.0,119.9,1.0,135.0,1.0,119.25,1.0,,,119.0,1.0,,,118.15,1.0,,
394,Germany_Baseload#19#0#10000106,2021-10-19 07:09:03.106000,123.6,1.0,124.0,1.0,123.5,1.0,124.1,1.0,122.0,1.0,125.0,5.0,121.9,1.0,126.0,1.0,121.5,2.0,132.0,1.0,120.75,1.0,132.15,2.0,120.0,1.0,135.0,1.0,119.9,1.0,,,119.25,1.0,,,119.0,1.0,,
395,Germany_Baseload#19#0#10000106,2021-10-19 07:09:03.107000,123.6,1.0,124.0,1.0,123.5,1.0,124.1,1.0,122.0,1.0,125.0,5.0,121.9,1.0,126.0,1.0,121.5,2.0,132.0,1.0,120.75,1.0,132.15,2.0,120.0,1.0,135.0,1.0,119.25,1.0,,,119.0,1.0,,,118.15,1.0,,
396,Germany_Baseload#19#0#10000106,2021-10-19 07:10:17.380000,123.6,1.0,124.0,1.0,123.5,1.0,124.1,1.0,122.0,1.0,125.0,5.0,121.9,1.0,126.0,1.0,121.5,2.0,132.0,1.0,121.4,1.0,132.15,2.0,120.75,1.0,135.0,1.0,120.0,1.0,,,119.25,1.0,,,119.0,1.0,,
397,Germany_Baseload#19#0#10000106,2021-10-19 07:10:22.831000,123.6,1.0,124.0,1.0,123.5,1.0,124.1,1.0,122.0,1.0,124.6,1.0,121.9,1.0,125.0,5.0,121.5,2.0,126.0,1.0,121.4,1.0,132.0,1.0,120.75,1.0,132.15,2.0,120.0,1.0,135.0,1.0,119.25,1.0,,,119.0,1.0,,
398,Germany_Baseload#19#0#10000106,2021-10-19 07:10:45.266000,123.6,1.0,124.0,1.0,123.5,1.0,124.1,1.0,122.0,1.0,124.4,1.0,121.9,1.0,124.6,1.0,121.5,2.0,125.0,5.0,121.4,1.0,126.0,1.0,120.75,1.0,132.0,1.0,120.0,1.0,132.15,2.0,119.25,1.0,135.0,1.0,119.0,1.0,,
399,Germany_Baseload#19#0#10000106,2021-10-19 07:10:45.267000,123.6,1.0,124.0,1.0,123.5,1.0,124.1,1.0,122.0,1.0,124.4,1.0,121.9,1.0,125.0,5.0,121.5,2.0,126.0,1.0,121.4,1.0,132.0,1.0,120.75,1.0,132.15,2.0,120.0,1.0,135.0,1.0,119.25,1.0,,,119.0,1.0,,
400,Germany_Baseload#19#0#10000106,2021-10-19 07:10:52.931000,123.6,1.0,124.0,1.0,123.5,1.0,124.1,1.0,121.9,1.0,124.4,1.0,121.5,2.0,125.0,5.0,121.4,1.0,126.0,1.0,120.75,1.0,132.0,1.0,120.0,1.0,132.15,2.0,119.25,1.0,135.0,1.0,119.0,1.0,,,118.15,1.0,,
401,Germany_Baseload#19#0#10000106,2021-10-19 07:10:52.973000,123.6,1.0,124.0,1.0,123.5,1.0,124.1,1.0,123.0,1.0,124.4,1.0,121.5,2.0,125.0,5.0,121.4,1.0,126.0,1.0,121.3,1.0,132.0,1.0,120.75,1.0,132.15,2.0,120.0,1.0,135.0,1.0,119.25,1.0,,,119.0,1.0,,
402,Germany_Baseload#19#0#10000106,2021-10-19 07:10:53.037000,123.6,1.0,124.0,1.0,123.5,1.0,124.1,1.0,121.5,2.0,124.4,1.0,121.4,1.0,125.0,5.0,121.3,1.0,126.0,1.0,120.75,1.0,132.0,1.0,120.0,1.0,132.15,2.0,119.25,1.0,135.0,1.0,119.0,1.0,,,118.15,1.0,,
403,Germany_Baseload#19#0#10000106,2021-10-19 07:10:53.051000,123.6,1.0,124.0,1.0,123.5,1.0,124.1,1.0,123.0,1.0,124.4,1.0,121.5,2.0,125.0,5.0,121.4,1.0,126.0,1.0,121.3,1.0,132.0,1.0,120.0,1.0,132.15,2.0,119.25,1.0,135.0,1.0,119.0,1.0,,,118.15,1.0,,
404,Germany_Baseload#19#0#10000106,2021-10-19 07:11:13.043000,123.6,1.0,124.0,1.0,123.5,1.0,124.1,1.0,123.0,1.0,124.45,1.0,121.5,2.0,125.0,5.0,121.4,1.0,126.0,1.0,121.3,1.0,132.0,1.0,120.0,1.0,132.15,2.0,119.25,1.0,135.0,1.0,119.0,1.0,,,118.15,1.0,,
405,Germany_Baseload#19#0#10000106,2021-10-19 07:11:15.554000,123.6,1.0,124.0,1.0,123.5,1.0,124.1,1.0,123.0,1.0,124.5,1.0,121.5,2.0,125.0,5.0,121.4,1.0,126.0,1.0,121.3,1.0,132.0,1.0,120.0,1.0,132.15,2.0,119.25,1.0,135.0,1.0,119.0,1.0,,,118.15,1.0,,
406,Germany_Baseload#19#0#10000106,2021-10-19 07:11:15.642000,123.6,1.0,124.0,1.0,123.5,1.0,124.1,1.0,123.0,1.0,124.5,1.0,122.9,1.0,125.0,5.0,121.5,2.0,126.0,1.0,121.4,1.0,132.0,1.0,120.0,1.0,132.15,2.0,119.25,1.0,135.0,1.0,119.0,1.0,,,118.15,1.0,,
407,Germany_Baseload#19#0#10000106,2021-10-19 07:11:18.612000,123.6,1.0,124.0,1.0,123.5,1.0,124.1,1.0,123.0,1.0,124.55,1.0,122.9,1.0,125.0,5.0,121.5,2.0,126.0,1.0,121.4,1.0,132.0,1.0,120.0,1.0,132.15,2.0,119.25,1.0,135.0,1.0,119.0,1.0,,,118.15,1.0,,
408,Germany_Baseload#19#0#10000106,2021-10-19 07:11:21.353000,123.6,1.0,124.0,1.0,123.5,1.0,124.1,1.0,123.0,1.0,124.6,1.0,122.9,1.0,125.0,5.0,121.5,2.0,126.0,1.0,121.4,1.0,132.0,1.0,120.0,1.0,132.15,2.0,119.25,1.0,135.0,1.0,119.0,1.0,,,118.15,1.0,,
409,Germany_Baseload#19#0#10000106,2021-10-19 07:12:23.016000,123.6,1.0,124.0,1.0,123.0,1.0,124.1,1.0,122.9,1.0,124.6,1.0,121.5,2.0,125.0,5.0,121.4,1.0,126.0,1.0,120.0,1.0,132.0,1.0,119.25,1.0,132.15,2.0,119.0,1.0,135.0,1.0,118.15,1.0,,,118.0,5.0,,
410,Germany_Baseload#19#0#10000106,2021-10-19 07:12:40.844000,123.6,1.0,124.0,1.0,123.0,1.0,124.1,1.0,122.9,1.0,124.8,1.0,121.5,2.0,125.0,5.0,121.4,1.0,126.0,1.0,120.0,1.0,132.0,1.0,119.25,1.0,132.15,2.0,119.0,1.0,135.0,1.0,118.15,1.0,,,118.0,5.0,,
411,Germany_Baseload#19#0#10000106,2021-10-19 07:13:32.988000,123.6,1.0,124.0,1.0,123.0,1.0,124.1,1.0,122.9,1.0,125.0,5.0,121.5,2.0,126.0,1.0,121.4,1.0,132.0,1.0,120.0,1.0,132.15,2.0,119.25,1.0,135.0,1.0,119.0,1.0,,,118.15,1.0,,,118.0,5.0,,
412,Germany_Baseload#19#0#10000106,2021-10-19 07:13:32.996000,123.6,1.0,124.0,1.0,123.0,1.0,124.1,1.0,122.9,1.0,125.0,5.0,121.5,2.0,126.0,1.0,120.0,1.0,132.0,1.0,119.25,1.0,132.15,2.0,119.0,1.0,135.0,1.0,118.15,1.0,,,118.0,5.0,,,117.0,1.0,,
413,Germany_Baseload#19#0#10000106,2021-10-19 07:13:34.965000,123.6,1.0,124.0,1.0,123.0,1.0,124.1,1.0,122.9,1.0,125.0,5.0,121.5,2.0,126.0,1.0,120.0,1.0,132.0,1.0,119.25,1.0,132.15,2.0,119.0,1.0,135.0,1.0,118.15,1.0,,,118.0,5.0,,,117.0,1.0,,
414,Germany_Baseload#19#0#10000106,2021-10-19 07:14:25.387000,123.6,1.0,124.0,1.0,122.9,1.0,124.1,1.0,121.5,2.0,125.0,5.0,120.0,1.0,126.0,1.0,119.25,1.0,132.0,1.0,119.0,1.0,132.15,2.0,118.15,1.0,135.0,1.0,118.0,5.0,,,117.0,1.0,,,115.0,3.0,,
415,Germany_Baseload#19#0#10000106,2021-10-19 07:14:25.388000,123.6,1.0,124.0,1.0,122.95,1.0,124.1,1.0,122.9,1.0,125.0,5.0,121.5,2.0,126.0,1.0,120.0,1.0,132.0,1.0,119.25,1.0,132.15,2.0,119.0,1.0,135.0,1.0,118.15,1.0,,,118.0,5.0,,,117.0,1.0,,
416,Germany_Baseload#19#0#10000106,2021-10-19 07:14:25.429000,123.6,1.0,124.0,1.0,122.95,1.0,124.1,1.0,121.5,2.0,125.0,5.0,120.0,1.0,126.0,1.0,119.9,1.0,132.0,1.0,119.25,1.0,132.15,2.0,119.0,1.0,135.0,1.0,118.15,1.0,,,118.0,5.0,,,117.0,1.0,,
417,Germany_Baseload#19#0#10000106,2021-10-19 07:14:42.817000,122.95,1.0,124.0,1.0,121.5,2.0,124.1,1.0,120.0,1.0,125.0,5.0,119.9,1.0,126.0,1.0,119.25,1.0,132.0,1.0,119.0,1.0,132.15,2.0,118.15,1.0,135.0,1.0,118.0,5.0,,,117.0,1.0,,,115.0,3.0,,
418,Germany_Baseload#19#0#10000106,2021-10-19 07:14:42.867000,122.3,1.0,124.0,1.0,121.5,2.0,124.1,1.0,120.0,1.0,125.0,5.0,119.9,1.0,126.0,1.0,119.25,1.0,132.0,1.0,119.0,1.0,132.15,2.0,118.15,1.0,135.0,1.0,118.0,5.0,,,117.0,1.0,,,115.0,3.0,,
419,Germany_Baseload#19#0#10000106,2021-10-19 07:14:43.039000,121.5,2.0,124.0,1.0,120.0,1.0,124.1,1.0,119.9,1.0,125.0,5.0,119.25,1.0,126.0,1.0,119.0,1.0,132.0,1.0,118.15,1.0,132.15,2.0,118.0,5.0,135.0,1.0,117.0,1.0,,,115.0,3.0,,,114.0,1.0,,
420,Germany_Baseload#19#0#10000106,2021-10-19 07:14:55.388000,121.5,2.0,123.5,1.0,120.0,1.0,124.0,1.0,119.9,1.0,124.1,1.0,119.25,1.0,125.0,5.0,119.0,1.0,126.0,1.0,118.15,1.0,132.0,1.0,118.0,5.0,132.15,2.0,117.0,1.0,135.0,1.0,115.0,3.0,,,114.0,1.0,,
421,Germany_Baseload#19#0#10000106,2021-10-19 07:14:57.691000,121.5,1.0,123.5,1.0,120.0,1.0,124.0,1.0,119.9,1.0,124.1,1.0,119.25,1.0,125.0,5.0,119.0,1.0,126.0,1.0,118.15,1.0,132.0,1.0,118.0,5.0,132.15,2.0,117.0,1.0,135.0,1.0,115.0,3.0,,,114.0,1.0,,
422,Germany_Baseload#19#0#10000106,2021-10-19 07:14:57.985000,121.5,1.0,123.5,1.0,120.65,1.0,124.0,1.0,120.0,1.0,124.1,1.0,119.9,1.0,125.0,5.0,119.25,1.0,126.0,1.0,119.0,1.0,132.0,1.0,118.15,1.0,132.15,2.0,118.0,5.0,135.0,1.0,117.0,1.0,,,115.0,3.0,,
423,Germany_Baseload#19#0#10000106,2021-10-19 07:15:15.036000,121.5,1.0,123.5,5.0,120.65,1.0,124.0,1.0,120.0,1.0,124.1,1.0,119.9,1.0,125.0,5.0,119.25,1.0,126.0,1.0,119.0,1.0,132.0,1.0,118.15,1.0,132.15,2.0,118.0,5.0,135.0,1.0,117.0,1.0,,,115.0,3.0,,
424,Germany_Baseload#19#0#10000106,2021-10-19 07:15:15.037000,121.5,1.0,123.5,5.0,120.65,1.0,124.0,1.0,120.0,1.0,124.1,1.0,119.9,1.0,125.0,1.0,119.25,1.0,126.0,1.0,119.0,1.0,132.0,1.0,118.15,1.0,132.15,2.0,118.0,5.0,135.0,1.0,117.0,1.0,,,115.0,3.0,,
425,Germany_Baseload#19#0#10000106,2021-10-19 07:15:17.087000,121.5,1.0,123.5,5.0,120.65,1.0,123.6,5.0,120.0,1.0,124.0,1.0,119.9,1.0,125.0,1.0,119.25,1.0,126.0,1.0,119.0,1.0,132.0,1.0,118.15,1.0,132.15,2.0,118.0,5.0,135.0,1.0,117.0,1.0,,,115.0,3.0,,
426,Germany_Baseload#19#0#10000106,2021-10-19 07:15:20.082000,121.5,3.0,123.5,5.0,121.4,1.0,123.6,5.0,120.65,1.0,124.0,1.0,120.0,1.0,125.0,1.0,119.25,1.0,126.0,1.0,119.0,1.0,132.0,1.0,118.15,1.0,132.15,2.0,118.0,5.0,135.0,1.0,117.0,1.0,,,115.0,3.0,,
427,Germany_Baseload#19#0#10000106,2021-10-19 07:15:30.887000,121.5,3.0,123.5,5.0,121.4,1.0,123.6,5.0,120.65,1.0,124.0,1.0,120.0,1.0,125.0,1.0,119.25,1.0,126.0,1.0,119.0,1.0,132.0,1.0,118.15,1.0,132.15,2.0,118.0,5.0,135.0,1.0,117.0,1.0,,,115.0,3.0,,
428,Germany_Baseload#19#0#10000106,2021-10-19 07:15:38.905000,121.5,3.0,123.5,5.0,121.4,1.0,123.6,5.0,120.65,1.0,124.0,1.0,120.0,1.0,125.0,1.0,119.25,1.0,126.0,1.0,119.0,1.0,130.2,5.0,118.15,1.0,132.0,1.0,118.0,5.0,132.15,2.0,117.0,1.0,135.0,1.0,115.0,3.0,,
429,Germany_Baseload#19#0#10000106,2021-10-19 07:15:40.516000,121.5,3.0,123.5,6.0,121.4,1.0,123.6,5.0,120.65,1.0,125.0,1.0,120.0,1.0,126.0,1.0,119.25,1.0,130.2,5.0,119.0,1.0,132.0,1.0,118.15,1.0,132.15,2.0,118.0,5.0,135.0,1.0,117.0,1.0,,,115.0,3.0,,
430,Germany_Baseload#19#0#10000106,2021-10-19 07:15:45.584000,122.75,1.0,123.5,6.0,121.5,3.0,123.6,5.0,121.4,1.0,125.0,1.0,120.65,1.0,126.0,1.0,120.0,1.0,130.2,5.0,119.25,1.0,132.0,1.0,119.0,1.0,132.15,2.0,118.15,1.0,135.0,1.0,118.0,5.0,,,117.0,1.0,,
431,Germany_Baseload#19#0#10000106,2021-10-19 07:15:45.663000,122.75,2.0,123.5,6.0,121.5,3.0,123.6,5.0,121.4,1.0,125.0,1.0,120.65,1.0,126.0,1.0,120.0,1.0,130.2,5.0,119.25,1.0,132.0,1.0,119.0,1.0,132.15,2.0,118.15,1.0,135.0,1.0,118.0,5.0,,,117.0,1.0,,
432,Germany_Baseload#19#0#10000106,2021-10-19 07:15:45.664000,122.75,2.0,123.5,6.0,121.5,2.0,123.6,5.0,121.4,1.0,125.0,1.0,120.65,1.0,126.0,1.0,120.0,1.0,130.2,5.0,119.25,1.0,132.0,1.0,119.0,1.0,132.15,2.0,118.15,1.0,135.0,1.0,118.0,5.0,,,117.0,1.0,,
433,Germany_Baseload#19#0#10000106,2021-10-19 07:15:48.067000,122.75,1.0,123.5,6.0,121.5,1.0,123.6,5.0,121.4,1.0,125.0,1.0,120.65,1.0,126.0,1.0,120.0,1.0,130.2,5.0,119.25,1.0,132.0,1.0,119.0,1.0,132.15,2.0,118.15,1.0,135.0,1.0,118.0,5.0,,,117.0,1.0,,
434,Germany_Baseload#19#0#10000106,2021-10-19 07:15:58.819000,121.5,1.0,123.5,6.0,121.4,1.0,123.6,5.0,120.65,1.0,125.0,1.0,120.0,1.0,126.0,1.0,119.25,1.0,130.2,5.0,119.0,1.0,132.0,1.0,118.15,1.0,132.15,2.0,118.0,5.0,135.0,1.0,117.0,1.0,,,115.0,3.0,,
435,Germany_Baseload#19#0#10000106,2021-10-19 07:15:58.820000,122.1,1.0,123.5,6.0,121.5,1.0,123.6,5.0,121.4,1.0,125.0,1.0,120.65,1.0,126.0,1.0,120.0,1.0,130.2,5.0,119.25,1.0,132.0,1.0,119.0,1.0,132.15,2.0,118.15,1.0,135.0,1.0,118.0,5.0,,,117.0,1.0,,
436,Germany_Baseload#19#0#10000106,2021-10-19 07:15:58.851000,122.05,1.0,123.5,6.0,121.5,1.0,123.6,5.0,121.4,1.0,125.0,1.0,120.65,1.0,126.0,1.0,120.0,1.0,130.2,5.0,119.25,1.0,132.0,1.0,119.0,1.0,132.15,2.0,118.15,1.0,135.0,1.0,118.0,5.0,,,117.0,1.0,,
437,Germany_Baseload#19#0#10000106,2021-10-19 07:15:58.913000,122.1,1.0,123.5,6.0,122.05,1.0,123.6,5.0,121.5,1.0,125.0,1.0,121.4,1.0,126.0,1.0,120.65,1.0,130.2,5.0,120.0,1.0,132.0,1.0,119.25,1.0,132.15,2.0,119.0,1.0,135.0,1.0,118.15,1.0,,,118.0,5.0,,
438,Germany_Baseload#19#0#10000106,2021-10-19 07:15:58.914000,122.1,1.0,123.5,6.0,121.5,2.0,123.6,5.0,121.4,1.0,125.0,1.0,120.65,1.0,126.0,1.0,120.0,1.0,130.2,5.0,119.25,1.0,132.0,1.0,119.0,1.0,132.15,2.0,118.15,1.0,135.0,1.0,118.0,5.0,,,117.0,1.0,,
439,Germany_Baseload#19#0#10000106,2021-10-19 07:15:59.006000,122.05,1.0,123.5,6.0,121.5,2.0,123.6,5.0,121.4,1.0,125.0,1.0,120.65,1.0,126.0,1.0,120.0,1.0,130.2,5.0,119.25,1.0,132.0,1.0,119.0,1.0,132.15,2.0,118.15,1.0,135.0,1.0,118.0,5.0,,,117.0,1.0,,
440,Germany_Baseload#19#0#10000106,2021-10-19 07:16:00.498000,121.5,1.0,123.5,6.0,121.4,1.0,123.6,5.0,120.65,1.0,125.0,1.0,120.0,1.0,126.0,1.0,119.25,1.0,130.2,5.0,119.0,1.0,132.0,1.0,118.15,1.0,132.15,2.0,118.0,5.0,135.0,1.0,117.0,1.0,,,115.0,3.0,,
441,Germany_Baseload#19#0#10000106,2021-10-19 07:16:09.391000,121.5,1.0,123.5,6.0,121.4,1.0,123.6,5.0,120.9,1.0,125.0,1.0,120.0,1.0,126.0,1.0,119.25,1.0,130.2,5.0,119.0,1.0,132.0,1.0,118.15,1.0,132.15,2.0,118.0,5.0,135.0,1.0,117.0,1.0,,,115.0,3.0,,
442,Germany_Baseload#19#0#10000106,2021-10-19 07:16:09.912000,121.5,1.0,123.5,7.0,121.4,1.0,123.6,5.0,120.9,1.0,126.0,1.0,120.0,1.0,130.2,5.0,119.25,1.0,132.0,1.0,119.0,1.0,132.15,2.0,118.15,1.0,135.0,1.0,118.0,5.0,,,117.0,1.0,,,115.0,3.0,,
