,key,Datetime,BidPrice_0,BidVolume_0,AskPrice_0,AskVolume_0,BidPrice_1,BidVolume_1,AskPrice_1,AskVolume_1,BidPrice_2,BidVolume_2,AskPrice_2,AskVolume_2,BidPrice_3,BidVolume_3,AskPrice_3,AskVolume_3,BidPrice_4,BidVolume_4,AskPrice_4,AskVolume_4,BidPrice_5,BidVolume_5,AskPrice_5,AskVolume_5,BidPrice_6,BidVolume_6,AskPrice_6,AskVolume_6,BidPrice_7,BidVolume_7,AskPrice_7,AskVolume_7,BidPrice_8,BidVolume_8,AskPrice_8,AskVolume_8,BidPrice_9,BidVolume_9,AskPrice_9,AskVolume_9
0,Germany_Baseload#19#0#10000106,2021-10-13 06:01:51.146000,52.0,1.0,,,48.0,3.0,,,,,,,,,,,,,,,,,,,,,,,,,,,,,,,,,,
1,Germany_Baseload#19#0#10000106,2021-10-13 06:01:51.147000,52.0,1.0,123.25,1.0,48.0,3.0,124.5,1.0,,,132.24,1.0,,,,,,,,,,,,,,,,,,,,,,,,,,,,
2,Germany_Baseload#19#0#10000106,2021-10-13 06:01:57.382000,118.0,1.0,123.25,1.0,52.0,1.0,124.5,1.0,48.0,3.0,132.24,1.0,,,,,,,,,,,,,,,,,,,,,,,,,,,,
3,Germany_Baseload#19#0#10000106,2021-10-13 06:04:28.124000,119.0,1.0,123.25,1.0,118.0,1.0,124.5,1.0,52.0,1.0,132.24,1.0,48.0,3.0,,,,,,,,,,,,,,,,,,,,,,,,,,
4,Germany_Baseload#19#0#10000106,2021-10-13 06:05:00.254000,119.25,1.0,123.25,1.0,119.0,1.0,124.5,1.0,118.0,1.0,132.24,1.0,52.0,1.0,,,48.0,3.0,,,,,,,,,,,,,,,,,,,,,,
5,Germany_Baseload#19#0#10000106,2021-10-13 06:09:16.990000,121.0,1.0,123.25,1.0,119.25,1.0,124.5,1.0,119.0,1.0,132.24,1.0,118.0,1.0,,,52.0,1.0,,,48.0,3.0,,,,,,,,,,,,,,,,,,
6,Germany_Baseload#19#0#10000106,2021-10-13 06:10:07.996000,121.0,2.0,123.25,1.0,119.25,1.0,124.5,1.0,119.0,1.0,132.24,1.0,118.0,1.0,,,52.0,1.0,,,48.0,3.0,,,,,,,,,,,,,,,,,,
7,Germany_Baseload#19#0#10000106,2021-10-13 06:10:47.986000,121.0,2.0,123.25,1.0,120.95,1.0,124.5,1.0,119.25,1.0,132.24,1.0,119.0,1.0,,,118.0,1.0,,,52.0,1.0,,,48.0,3.0,,,,,,,,,,,,,,
8,Germany_Baseload#19#0#10000106,2021-10-13 06:11:45.553000,121.1,1.0,123.25,1.0,121.0,1.0,124.5,1.0,120.95,1.0,132.24,1.0,119.25,1.0,,,119.0,1.0,,,118.0,1.0,,,52.0,1.0,,,48.0,3.0,,,,,,,,,,
9,Germany_Baseload#19#0#10000106,2021-10-13 06:11:46.848000,121.1,1.0,123.25,1.0,121.0,1.0,124.5,1.0,120.95,1.0,132.24,1.0,119.25,1.0,,,119.0,1.0,,,52.0,1.0,,,48.0,3.0,,,,,,,,,,,,,,
10,Germany_Baseload#19#0#10000106,2021-10-13 06:12:33.758000,121.5,2.0,123.25,1.0,121.1,1.0,124.5,1.0,121.0,1.0,132.24,1.0,120.95,1.0,,,119.25,1.0,,,119.0,1.0,,,52.0,1.0,,,48.0,3.0,,,,,,,,,,
11,Germany_Baseload#19#0#10000106,2021-10-13 06:12:41.075000,121.5,3.0,123.25,1.0,121.1,1.0,124.5,1.0,121.0,1.0,132.24,1.0,120.95,1.0,,,119.25,1.0,,,119.0,1.0,,,52.0,1.0,,,48.0,3.0,,,,,,,,,,
12,Germany_Baseload#19#0#10000106,2021-10-13 06:13:11.543000,121.5,3.0,123.25,1.0,121.1,1.0,124.5,1.0,121.0,1.0,132.24,1.0,120.95,1.0,,,119.25,1.0,,,119.0,1.0,,,52.0,1.0,,,48.0,3.0,,,,,,,,,,
13,Germany_Baseload#19#0#10000106,2021-10-13 06:14:06.509000,121.5,3.0,124.5,1.0,121.1,1.0,132.24,1.0,121.0,1.0,,,120.95,1.0,,,119.25,1.0,,,119.0,1.0,,,52.0,1.0,,,48.0,3.0,,,,,,,,,,
14,Germany_Baseload#19#0#10000106,2021-10-13 06:14:15.356000,121.5,3.0,124.5,1.0,121.1,1.0,132.24,1.0,121.0,1.0,,,120.95,1.0,,,119.0,1.0,,,52.0,1.0,,,48.0,3.0,,,,,,,,,,,,,,
15,Germany_Baseload#19#0#10000106,2021-10-13 06:14:18.035000,122.5,1.0,124.5,1.0,121.5,3.0,132.24,1.0,121.1,1.0,,,121.0,1.0,,,120.95,1.0,,,119.0,1.0,,,52.0,1.0,,,48.0,3.0,,,,,,,,,,
16,Germany_Baseload#19#0#10000106,2021-10-13 06:14:25.359000,122.5,1.0,124.5,1.0,121.5,3.0,125.0,1.0,121.1,1.0,132.24,1.0,121.0,1.0,,,120.95,1.0,,,119.0,1.0,,,52.0,1.0,,,48.0,3.0,,,,,,,,,,
17,Germany_Baseload#19#0#10000106,2021-10-13 06:14:25.360000,122.5,1.0,125.0,1.0,121.5,3.0,132.24,1.0,121.1,1.0,,,121.0,1.0,,,120.95,1.0,,,119.0,1.0,,,52.0,1.0,,,48.0,3.0,,,,,,,,,,
18,Germany_Baseload#19#0#10000106,2021-10-13 06:14:42.960000,122.5,2.0,125.0,1.0,121.5,1.0,132.24,1.0,121.1,1.0,,,121.0,1.0,,,120.95,1.0,,,119.0,1.0,,,52.0,1.0,,,48.0,3.0,,,,,,,,,,
19,Germany_Baseload#19#0#10000106,2021-10-13 06:14:56.070000,122.5,3.0,125.0,1.0,121.5,1.0,132.24,1.0,121.0,1.0,,,120.95,1.0,,,119.0,1.0,,,52.0,1.0,,,48.0,3.0,,,,,,,,,,,,,,
20,Germany_Baseload#19#0#10000106,2021-10-13 06:14:59.319000,122.5,4.0,125.0,1.0,121.5,1.0,132.24,1.0,121.0,1.0,,,120.95,1.0,,,119.0,1.0,,,52.0,1.0,,,48.0,3.0,,,,,,,,,,,,,,
21,Germany_Baseload#19#0#10000106,2021-10-13 06:15:21.132000,123.0,1.0,125.0,1.0,122.5,3.0,132.24,1.0,121.5,1.0,,,121.0,1.0,,,120.95,1.0,,,119.0,1.0,,,52.0,1.0,,,48.0,3.0,,,,,,,,,,
22,Germany_Baseload#19#0#10000106,2021-10-13 06:15:25.235000,123.0,1.0,123.75,1.0,122.5,3.0,125.0,1.0,121.5,1.0,132.24,1.0,121.0,1.0,,,120.95,1.0,,,119.0,1.0,,,52.0,1.0,,,48.0,3.0,,,,,,,,,,
23,Germany_Baseload#19#0#10000106,2021-10-13 06:15:47.913000,123.0,1.0,123.75,1.0,122.5,2.0,125.0,1.0,122.0,1.0,132.24,1.0,121.5,1.0,,,121.0,1.0,,,120.95,1.0,,,119.0,1.0,,,52.0,1.0,,,48.0,3.0,,,,,,
24,Germany_Baseload#19#0#10000106,2021-10-13 06:15:48.010000,123.0,1.0,123.75,1.0,122.5,2.0,125.0,1.0,122.0,2.0,132.24,1.0,121.5,1.0,,,121.0,1.0,,,120.95,1.0,,,119.0,1.0,,,52.0,1.0,,,48.0,3.0,,,,,,
25,Germany_Baseload#19#0#10000106,2021-10-13 06:15:56.686000,123.0,1.0,123.7,1.0,122.5,2.0,125.0,1.0,122.0,2.0,132.24,1.0,121.5,1.0,,,121.0,1.0,,,120.95,1.0,,,119.0,1.0,,,52.0,1.0,,,48.0,3.0,,,,,,
26,Germany_Baseload#19#0#10000106,2021-10-13 06:15:59.017000,123.0,1.0,123.65,1.0,122.5,2.0,123.7,1.0,122.0,2.0,125.0,1.0,121.5,1.0,132.24,1.0,121.0,1.0,,,120.95,1.0,,,119.0,1.0,,,52.0,1.0,,,48.0,3.0,,,,,,
27,Germany_Baseload#19#0#10000106,2021-10-13 06:15:59.018000,123.0,1.0,123.65,1.0,122.5,2.0,125.0,1.0,122.0,2.0,132.24,1.0,121.5,1.0,,,121.0,1.0,,,120.95,1.0,,,119.0,1.0,,,52.0,1.0,,,48.0,3.0,,,,,,
28,Germany_Baseload#19#0#10000106,2021-10-13 06:16:21.755000,123.0,1.0,123.25,1.0,122.5,2.0,123.65,1.0,122.0,2.0,125.0,1.0,121.5,1.0,132.24,1.0,121.0,1.0,,,120.95,1.0,,,119.0,1.0,,,52.0,1.0,,,48.0,3.0,,,,,,
29,Germany_Baseload#19#0#10000106,2021-10-13 06:16:38.262000,123.0,1.0,123.65,1.0,122.5,2.0,125.0,1.0,122.0,2.0,132.24,1.0,121.5,1.0,,,121.0,1.0,,,120.95,1.0,,,119.0,1.0,,,52.0,1.0,,,48.0,3.0,,,,,,
30,Germany_Baseload#19#0#10000106,2021-10-13 06:16:38.371000,123.0,1.0,123.65,1.0,122.5,2.0,125.0,1.0,122.01,1.0,132.24,1.0,122.0,2.0,,,121.5,1.0,,,121.0,1.0,,,120.95,1.0,,,119.0,1.0,,,52.0,1.0,,,48.0,3.0,,
31,Germany_Baseload#19#0#10000106,2021-10-13 06:16:38.466000,123.0,1.0,123.65,1.0,122.5,2.0,125.0,1.0,122.01,2.0,132.24,1.0,122.0,1.0,,,121.5,1.0,,,121.0,1.0,,,120.95,1.0,,,119.0,1.0,,,52.0,1.0,,,48.0,3.0,,
32,Germany_Baseload#19#0#10000106,2021-10-13 06:16:40.737000,123.0,1.0,125.0,1.0,122.5,2.0,132.24,1.0,122.01,2.0,,,122.0,1.0,,,121.5,1.0,,,121.0,1.0,,,120.95,1.0,,,119.0,1.0,,,52.0,1.0,,,48.0,3.0,,
33,Germany_Baseload#19#0#10000106,2021-10-13 06:17:09.500000,123.0,1.0,125.0,1.0,122.5,2.0,132.24,1.0,122.35,1.0,,,122.01,2.0,,,122.0,1.0,,,121.5,1.0,,,121.0,1.0,,,120.95,1.0,,,119.0,1.0,,,52.0,1.0,,
34,Germany_Baseload#19#0#10000106,2021-10-13 06:17:29.898000,123.0,1.0,125.0,1.0,122.5,2.0,132.24,1.0,122.01,2.0,,,122.0,1.0,,,121.0,1.0,,,120.95,1.0,,,119.0,1.0,,,52.0,1.0,,,48.0,3.0,,,,,,
35,Germany_Baseload#19#0#10000106,2021-10-13 06:17:29.993000,123.01,1.0,125.0,1.0,123.0,1.0,132.24,1.0,122.5,2.0,,,122.01,1.0,,,122.0,1.0,,,121.0,1.0,,,120.95,1.0,,,119.0,1.0,,,52.0,1.0,,,48.0,3.0,,
36,Germany_Baseload#19#0#10000106,2021-10-13 06:18:07.449000,123.01,1.0,132.24,1.0,123.0,1.0,,,122.5,2.0,,,122.01,1.0,,,122.0,1.0,,,121.0,1.0,,,120.95,1.0,,,119.0,1.0,,,52.0,1.0,,,48.0,3.0,,
37,Germany_Baseload#19#0#10000106,2021-10-13 06:18:08.131000,123.5,1.0,132.24,1.0,123.01,1.0,,,123.0,1.0,,,122.5,2.0,,,122.01,1.0,,,122.0,1.0,,,121.0,1.0,,,120.95,1.0,,,119.0,1.0,,,52.0,1.0,,
38,Germany_Baseload#19#0#10000106,2021-10-13 06:18:16.787000,123.5,1.0,132.24,1.0,123.01,1.0,,,123.0,1.0,,,122.5,1.0,,,122.01,1.0,,,122.0,1.0,,,121.0,1.0,,,120.95,1.0,,,119.0,1.0,,,52.0,1.0,,
39,Germany_Baseload#19#0#10000106,2021-10-13 06:18:17.846000,123.5,1.0,132.0,1.0,123.01,1.0,132.24,1.0,123.0,1.0,,,122.5,1.0,,,122.01,1.0,,,122.0,1.0,,,121.0,1.0,,,120.95,1.0,,,119.0,1.0,,,52.0,1.0,,
40,Germany_Baseload#19#0#10000106,2021-10-13 06:18:18.451000,123.5,1.0,132.24,1.0,123.01,1.0,,,123.0,1.0,,,122.5,1.0,,,122.01,1.0,,,122.0,1.0,,,121.0,1.0,,,120.95,1.0,,,119.0,1.0,,,52.0,1.0,,
41,Germany_Baseload#19#0#10000106,2021-10-13 06:18:31.057000,123.5,1.0,132.0,1.0,123.01,1.0,132.24,1.0,123.0,1.0,,,122.5,1.0,,,122.01,1.0,,,122.0,1.0,,,121.0,1.0,,,120.95,1.0,,,119.0,1.0,,,52.0,1.0,,
42,Germany_Baseload#19#0#10000106,2021-10-13 06:18:33.166000,123.5,1.0,132.0,2.0,123.01,1.0,132.24,1.0,123.0,1.0,,,122.5,1.0,,,122.01,1.0,,,122.0,1.0,,,121.0,1.0,,,120.95,1.0,,,119.0,1.0,,,52.0,1.0,,
43,Germany_Baseload#19#0#10000106,2021-10-13 06:18:33.197000,123.5,1.0,132.0,2.0,123.01,1.0,132.03,1.0,123.0,1.0,132.24,1.0,122.5,1.0,,,122.01,1.0,,,122.0,1.0,,,121.0,1.0,,,120.95,1.0,,,119.0,1.0,,,52.0,1.0,,
44,Germany_Baseload#19#0#10000106,2021-10-13 06:18:33.228000,123.5,1.0,132.0,2.0,123.01,1.0,132.03,1.0,123.0,1.0,132.06,1.0,122.5,1.0,132.24,1.0,122.01,1.0,,,122.0,1.0,,,121.0,1.0,,,120.95,1.0,,,119.0,1.0,,,52.0,1.0,,
45,Germany_Baseload#19#0#10000106,2021-10-13 06:18:34.590000,123.5,1.0,132.0,2.0,123.01,1.0,132.03,1.0,123.0,1.0,132.06,1.0,122.5,1.0,132.24,1.0,122.01,1.0,,,122.0,1.0,,,121.0,1.0,,,120.95,1.0,,,119.0,1.0,,,52.0,1.0,,
46,Germany_Baseload#19#0#10000106,2021-10-13 06:18:35.052000,123.5,1.0,132.0,1.0,123.01,1.0,132.03,1.0,123.0,1.0,132.06,1.0,122.5,1.0,132.24,1.0,122.01,1.0,,,122.0,1.0,,,121.0,1.0,,,120.95,1.0,,,119.0,1.0,,,52.0,1.0,,
47,Germany_Baseload#19#0#10000106,2021-10-13 06:18:36.546000,123.5,1.0,132.0,1.0,123.01,1.0,132.03,1.0,123.0,1.0,132.06,1.0,122.5,1.0,132.24,1.0,122.01,1.0,135.0,1.0,122.0,1.0,,,121.0,1.0,,,120.95,1.0,,,119.0,1.0,,,52.0,1.0,,
48,Germany_Baseload#19#0#10000106,2021-10-13 06:18:37.099000,123.01,1.0,132.0,1.0,123.0,1.0,132.03,1.0,122.5,1.0,132.06,1.0,122.01,1.0,132.24,1.0,122.0,1.0,135.0,1.0,121.0,1.0,,,120.95,1.0,,,119.0,1.0,,,52.0,1.0,,,48.0,3.0,,
49,Germany_Baseload#19#0#10000106,2021-10-13 06:18:41.032000,123.01,1.0,131.0,1.0,123.0,1.0,132.0,1.0,122.5,1.0,132.03,1.0,122.01,1.0,132.06,1.0,122.0,1.0,132.24,1.0,121.0,1.0,135.0,1.0,120.95,1.0,,,119.0,1.0,,,52.0,1.0,,,48.0,3.0,,
50,Germany_Baseload#19#0#10000106,2021-10-13 06:18:43.336000,123.01,1.0,131.0,1.0,123.0,1.0,132.0,1.0,122.5,1.0,132.03,1.0,122.01,1.0,132.06,1.0,122.0,1.0,132.24,1.0,121.0,1.0,,,120.95,1.0,,,119.0,1.0,,,52.0,1.0,,,48.0,3.0,,
51,Germany_Baseload#19#0#10000106,2021-10-13 06:18:49.817000,123.01,1.0,123.5,1.0,123.0,1.0,131.0,1.0,122.5,1.0,132.0,1.0,122.01,1.0,132.03,1.0,122.0,1.0,132.06,1.0,121.0,1.0,132.24,1.0,120.95,1.0,,,119.0,1.0,,,52.0,1.0,,,48.0,3.0,,
52,Germany_Baseload#19#0#10000106,2021-10-13 06:18:51.105000,123.5,1.0,123.5,1.0,123.01,1.0,131.0,1.0,123.0,1.0,132.0,1.0,122.01,1.0,132.03,1.0,122.0,1.0,132.06,1.0,121.0,1.0,132.24,1.0,120.95,1.0,,,119.0,1.0,,,52.0,1.0,,,48.0,3.0,,
53,Germany_Baseload#19#0#10000106,2021-10-13 06:18:52.985000,123.5,1.0,131.0,1.0,123.01,1.0,132.0,1.0,123.0,1.0,132.03,1.0,122.01,1.0,132.06,1.0,122.0,1.0,132.24,1.0,121.0,1.0,,,120.95,1.0,,,119.0,1.0,,,52.0,1.0,,,48.0,3.0,,
54,Germany_Baseload#19#0#10000106,2021-10-13 06:18:53.284000,123.5,1.0,130.0,1.0,123.01,1.0,131.0,1.0,123.0,1.0,132.0,1.0,122.01,1.0,132.03,1.0,122.0,1.0,132.06,1.0,121.0,1.0,132.24,1.0,120.95,1.0,,,119.0,1.0,,,52.0,1.0,,,48.0,3.0,,
55,Germany_Baseload#19#0#10000106,2021-10-13 06:18:57.656000,123.5,1.0,130.0,1.0,123.01,1.0,131.0,1.0,123.0,1.0,132.0,1.0,122.0,1.0,132.03,1.0,121.0,1.0,132.06,1.0,120.95,1.0,132.24,1.0,119.0,1.0,,,52.0,1.0,,,48.0,3.0,,,,,,
56,Germany_Baseload#19#0#10000106,2021-10-13 06:18:58.216000,123.5,2.0,130.0,1.0,123.01,1.0,131.0,1.0,123.0,1.0,132.0,1.0,122.0,1.0,132.03,1.0,121.0,1.0,132.06,1.0,120.95,1.0,132.24,1.0,119.0,1.0,,,52.0,1.0,,,48.0,3.0,,,,,,
57,Germany_Baseload#19#0#10000106,2021-10-13 06:18:58.307000,123.51,1.0,130.0,1.0,123.5,2.0,131.0,1.0,123.0,1.0,132.0,1.0,122.0,1.0,132.03,1.0,121.0,1.0,132.06,1.0,120.95,1.0,132.24,1.0,119.0,1.0,,,52.0,1.0,,,48.0,3.0,,,,,,
58,Germany_Baseload#19#0#10000106,2021-10-13 06:19:12.182000,123.51,1.0,130.0,2.0,123.5,2.0,131.0,1.0,123.0,1.0,132.0,1.0,122.0,1.0,132.03,1.0,121.0,1.0,132.06,1.0,120.95,1.0,132.24,1.0,119.0,1.0,,,52.0,1.0,,,48.0,3.0,,,,,,
59,Germany_Baseload#19#0#10000106,2021-10-13 06:19:45.562000,123.51,1.0,128.0,1.0,123.5,2.0,130.0,2.0,123.0,1.0,131.0,1.0,122.0,1.0,132.0,1.0,121.0,1.0,132.03,1.0,120.95,1.0,132.06,1.0,119.0,1.0,132.24,1.0,52.0,1.0,,,48.0,3.0,,,,,,
60,Germany_Baseload#19#0#10000106,2021-10-13 06:20:11.927000,123.51,1.0,128.0,1.0,123.5,1.0,130.0,2.0,123.0,1.0,131.0,1.0,122.0,1.0,132.0,1.0,121.0,1.0,132.03,1.0,120.95,1.0,132.06,1.0,119.0,1.0,132.24,1.0,52.0,1.0,,,48.0,3.0,,,,,,
61,Germany_Baseload#19#0#10000106,2021-10-13 06:20:27.246000,123.51,1.0,128.0,1.0,123.5,1.0,130.0,2.0,123.0,1.0,131.0,1.0,122.0,1.0,132.0,1.0,121.0,1.0,132.03,1.0,120.95,1.0,132.06,1.0,119.0,1.0,132.24,1.0,52.0,1.0,,,48.0,3.0,,,,,,
62,Germany_Baseload#19#0#10000106,2021-10-13 06:20:49.064000,123.51,1.0,128.0,1.0,123.5,1.0,130.0,2.0,123.0,1.0,131.0,1.0,122.0,1.0,132.0,1.0,121.0,1.0,132.03,1.0,120.95,1.0,132.06,1.0,119.0,1.0,132.24,1.0,118.65,1.0,,,52.0,1.0,,,48.0,3.0,,
63,Germany_Baseload#19#0#10000106,2021-10-13 06:21:14.570000,123.51,1.0,128.0,1.0,123.5,2.0,130.0,2.0,122.0,1.0,131.0,1.0,121.0,1.0,132.0,1.0,120.95,1.0,132.03,1.0,119.0,1.0,132.06,1.0,118.65,1.0,132.24,1.0,52.0,1.0,,,48.0,3.0,,,,,,
64,Germany_Baseload#19#0#10000106,2021-10-13 06:21:37.700000,123.51,1.0,125.0,1.0,123.5,2.0,128.0,1.0,122.0,1.0,130.0,2.0,121.0,1.0,131.0,1.0,120.95,1.0,132.0,1.0,119.0,1.0,132.03,1.0,118.65,1.0,132.06,1.0,52.0,1.0,132.24,1.0,48.0,3.0,,,,,,
65,Germany_Baseload#19#0#10000106,2021-10-13 06:22:22.568000,123.51,1.0,125.0,1.0,123.5,2.0,128.0,1.0,122.0,1.0,130.0,1.0,121.0,1.0,131.0,1.0,120.95,1.0,132.0,1.0,119.0,1.0,132.03,1.0,118.65,1.0,132.06,1.0,52.0,1.0,132.24,1.0,48.0,3.0,,,,,,
66,Germany_Baseload#19#0#10000106,2021-10-13 06:27:50.127000,123.75,1.0,125.0,1.0,123.51,1.0,128.0,1.0,123.5,2.0,130.0,1.0,122.0,1.0,131.0,1.0,121.0,1.0,132.0,1.0,120.95,1.0,132.03,1.0,119.0,1.0,132.06,1.0,118.65,1.0,132.24,1.0,52.0,1.0,,,48.0,3.0,,
67,Germany_Baseload#19#0#10000106,2021-10-13 06:27:50.158000,123.75,1.0,125.0,1.0,123.72,1.0,128.0,1.0,123.51,1.0,130.0,1.0,123.5,2.0,131.0,1.0,122.0,1.0,132.0,1.0,121.0,1.0,132.03,1.0,120.95,1.0,132.06,1.0,119.0,1.0,132.24,1.0,118.65,1.0,,,52.0,1.0,,
68,Germany_Baseload#19#0#10000106,2021-10-13 06:27:50.190000,123.75,1.0,125.0,1.0,123.72,2.0,128.0,1.0,123.51,1.0,130.0,1.0,123.5,2.0,131.0,1.0,122.0,1.0,132.0,1.0,121.0,1.0,132.03,1.0,120.95,1.0,132.06,1.0,119.0,1.0,132.24,1.0,118.65,1.0,,,52.0,1.0,,
69,Germany_Baseload#19#0#10000106,2021-10-13 06:29:22.043000,123.75,1.0,125.0,1.0,123.72,2.0,128.0,1.0,123.51,1.0,130.0,2.0,123.5,2.0,131.0,1.0,122.0,1.0,132.0,1.0,121.0,1.0,132.03,1.0,120.95,1.0,132.06,1.0,119.0,1.0,132.24,1.0,118.65,1.0,,,52.0,1.0,,
70,Germany_Baseload#19#0#10000106,2021-10-13 06:29:36.447000,123.75,1.0,125.0,1.0,123.72,2.0,128.0,1.0,123.5,2.0,130.0,2.0,122.0,1.0,131.0,1.0,121.0,1.0,132.0,1.0,120.95,1.0,132.03,1.0,119.0,1.0,132.06,1.0,118.65,1.0,132.24,1.0,52.0,1.0,,,48.0,3.0,,
71,Germany_Baseload#19#0#10000106,2021-10-13 06:30:01.127000,123.75,1.0,125.0,1.0,123.72,2.0,128.0,1.0,123.51,1.0,130.0,2.0,123.5,2.0,131.0,1.0,122.0,1.0,132.0,1.0,121.0,1.0,132.03,1.0,120.95,1.0,132.06,1.0,119.0,1.0,132.24,1.0,118.65,1.0,,,52.0,1.0,,
72,Germany_Baseload#19#0#10000106,2021-10-13 06:30:09.655000,123.75,1.0,125.0,1.0,123.72,2.0,128.0,1.0,123.51,1.0,130.0,2.0,123.5,1.0,131.0,1.0,122.0,1.0,132.0,1.0,121.0,1.0,132.03,1.0,120.95,1.0,132.06,1.0,119.0,1.0,132.24,1.0,118.65,1.0,,,52.0,1.0,,
73,Germany_Baseload#19#0#10000106,2021-10-13 06:30:09.740000,123.76,1.0,125.0,1.0,123.75,1.0,128.0,1.0,123.72,2.0,130.0,2.0,123.5,1.0,131.0,1.0,122.0,1.0,132.0,1.0,121.0,1.0,132.03,1.0,120.95,1.0,132.06,1.0,119.0,1.0,132.24,1.0,118.65,1.0,,,52.0,1.0,,
74,Germany_Baseload#19#0#10000106,2021-10-13 06:30:29.986000,123.76,1.0,125.0,1.0,123.75,1.0,128.0,1.0,123.72,2.0,130.0,2.0,123.5,1.0,131.0,1.0,122.0,1.0,132.0,1.0,121.0,1.0,132.03,1.0,120.95,1.0,132.06,1.0,119.0,1.0,132.24,1.0,118.65,1.0,,,52.0,1.0,,
75,Germany_Baseload#19#0#10000106,2021-10-13 06:31:48.557000,123.76,1.0,125.0,7.0,123.75,1.0,128.0,1.0,123.72,2.0,130.0,2.0,123.5,1.0,131.0,1.0,122.0,1.0,132.0,1.0,121.0,1.0,132.03,1.0,120.95,1.0,132.06,1.0,119.0,1.0,132.24,1.0,118.65,1.0,,,52.0,1.0,,
76,Germany_Baseload#19#0#10000106,2021-10-13 06:32:04.618000,123.76,1.0,125.0,7.0,123.75,1.0,128.0,1.0,123.72,2.0,130.0,2.0,123.5,1.0,131.0,1.0,122.0,1.0,132.0,1.0,121.25,1.0,132.03,1.0,121.0,1.0,132.06,1.0,120.95,1.0,132.24,1.0,119.0,1.0,,,118.65,1.0,,
77,Germany_Baseload#19#0#10000106,2021-10-13 06:32:33.716000,123.76,1.0,125.0,7.0,123.75,1.0,128.0,1.0,123.72,2.0,130.0,2.0,123.5,1.0,131.0,1.0,122.0,1.0,132.0,1.0,121.25,1.0,132.03,1.0,121.0,1.0,132.06,1.0,120.95,1.0,132.24,1.0,119.0,1.0,,,118.65,1.0,,
78,Germany_Baseload#19#0#10000106,2021-10-13 06:32:33.732000,124.0,1.0,125.0,7.0,123.76,1.0,128.0,1.0,123.75,1.0,130.0,2.0,123.72,2.0,131.0,1.0,123.5,1.0,132.0,1.0,122.0,1.0,132.03,1.0,121.25,1.0,132.06,1.0,121.0,1.0,132.24,1.0,120.95,1.0,,,119.0,1.0,,
79,Germany_Baseload#19#0#10000106,2021-10-13 06:32:33.766000,124.0,1.0,125.0,7.0,123.76,1.0,128.0,1.0,123.75,1.0,130.0,2.0,123.72,1.0,131.0,1.0,123.5,1.0,132.0,1.0,122.0,1.0,132.03,1.0,121.25,1.0,132.06,1.0,121.0,1.0,132.24,1.0,120.95,1.0,,,119.0,1.0,,
80,Germany_Baseload#19#0#10000106,2021-10-13 06:32:33.772000,124.0,1.0,125.0,7.0,123.76,1.0,128.0,1.0,123.75,1.0,130.0,2.0,123.5,1.0,131.0,1.0,122.0,1.0,132.0,1.0,121.25,1.0,132.03,1.0,121.0,1.0,132.06,1.0,120.95,1.0,132.24,1.0,119.0,1.0,,,118.65,1.0,,
81,Germany_Baseload#19#0#10000106,2021-10-13 06:32:33.779000,124.0,1.0,125.0,7.0,123.97,1.0,128.0,1.0,123.76,1.0,130.0,2.0,123.75,1.0,131.0,1.0,123.5,1.0,132.0,1.0,122.0,1.0,132.03,1.0,121.25,1.0,132.06,1.0,121.0,1.0,132.24,1.0,120.95,1.0,,,119.0,1.0,,
82,Germany_Baseload#19#0#10000106,2021-10-13 06:32:33.794000,124.0,1.0,125.0,7.0,123.97,2.0,128.0,1.0,123.76,1.0,130.0,2.0,123.75,1.0,131.0,1.0,123.5,1.0,132.0,1.0,122.0,1.0,132.03,1.0,121.25,1.0,132.06,1.0,121.0,1.0,132.24,1.0,120.95,1.0,,,119.0,1.0,,
83,Germany_Baseload#19#0#10000106,2021-10-13 06:33:57.043000,123.97,2.0,125.0,7.0,123.76,1.0,128.0,1.0,123.75,1.0,130.0,2.0,123.5,1.0,131.0,1.0,122.0,1.0,132.0,1.0,121.25,1.0,132.03,1.0,121.0,1.0,132.06,1.0,120.95,1.0,132.24,1.0,119.0,1.0,,,118.65,1.0,,
84,Germany_Baseload#19#0#10000106,2021-10-13 06:33:57.074000,123.97,1.0,125.0,7.0,123.76,1.0,128.0,1.0,123.75,1.0,130.0,2.0,123.5,1.0,131.0,1.0,122.0,1.0,132.0,1.0,121.25,1.0,132.03,1.0,121.0,1.0,132.06,1.0,120.95,1.0,132.24,1.0,119.0,1.0,,,118.65,1.0,,
85,Germany_Baseload#19#0#10000106,2021-10-13 06:33:57.080000,123.76,1.0,125.0,7.0,123.75,1.0,128.0,1.0,123.5,1.0,130.0,2.0,122.0,1.0,131.0,1.0,121.25,1.0,132.0,1.0,121.0,1.0,132.03,1.0,120.95,1.0,132.06,1.0,119.0,1.0,132.24,1.0,118.65,1.0,,,52.0,1.0,,
86,Germany_Baseload#19#0#10000106,2021-10-13 06:34:08.946000,123.8,1.0,125.0,7.0,123.76,1.0,128.0,1.0,123.75,1.0,130.0,2.0,123.5,1.0,131.0,1.0,122.0,1.0,132.0,1.0,121.25,1.0,132.03,1.0,121.0,1.0,132.06,1.0,120.95,1.0,132.24,1.0,119.0,1.0,,,118.65,1.0,,
87,Germany_Baseload#19#0#10000106,2021-10-13 06:34:09.039000,123.81,1.0,125.0,7.0,123.8,1.0,128.0,1.0,123.76,1.0,130.0,2.0,123.75,1.0,131.0,1.0,123.5,1.0,132.0,1.0,122.0,1.0,132.03,1.0,121.25,1.0,132.06,1.0,121.0,1.0,132.24,1.0,120.95,1.0,,,119.0,1.0,,
88,Germany_Baseload#19#0#10000106,2021-10-13 06:34:09.040000,123.81,1.0,125.0,7.0,123.8,1.0,128.0,1.0,123.75,1.0,130.0,2.0,123.5,1.0,131.0,1.0,122.0,1.0,132.0,1.0,121.25,1.0,132.03,1.0,121.0,1.0,132.06,1.0,120.95,1.0,132.24,1.0,119.0,1.0,,,118.65,1.0,,
89,Germany_Baseload#19#0#10000106,2021-10-13 06:34:18.316000,123.81,1.0,125.0,7.0,123.75,1.0,128.0,1.0,123.5,1.0,130.0,2.0,122.0,1.0,131.0,1.0,121.25,1.0,132.0,1.0,121.0,1.0,132.03,1.0,120.95,1.0,132.06,1.0,119.0,1.0,132.24,1.0,118.65,1.0,,,52.0,1.0,,
90,Germany_Baseload#19#0#10000106,2021-10-13 06:34:18.348000,123.85,1.0,125.0,7.0,123.81,1.0,128.0,1.0,123.75,1.0,130.0,2.0,123.5,1.0,131.0,1.0,122.0,1.0,132.0,1.0,121.25,1.0,132.03,1.0,121.0,1.0,132.06,1.0,120.95,1.0,132.24,1.0,119.0,1.0,,,118.65,1.0,,
91,Germany_Baseload#19#0#10000106,2021-10-13 06:34:18.614000,123.86,1.0,125.0,7.0,123.85,1.0,128.0,1.0,123.75,1.0,130.0,2.0,123.5,1.0,131.0,1.0,122.0,1.0,132.0,1.0,121.25,1.0,132.03,1.0,121.0,1.0,132.06,1.0,120.95,1.0,132.24,1.0,119.0,1.0,,,118.65,1.0,,
92,Germany_Baseload#19#0#10000106,2021-10-13 06:34:21.938000,123.86,1.0,125.0,7.0,123.75,1.0,128.0,1.0,123.5,1.0,130.0,2.0,122.0,1.0,131.0,1.0,121.25,1.0,132.0,1.0,121.0,1.0,132.03,1.0,120.95,1.0,132.06,1.0,119.0,1.0,132.24,1.0,118.65,1.0,,,52.0,1.0,,
93,Germany_Baseload#19#0#10000106,2021-10-13 06:34:37.907000,124.0,1.0,125.0,7.0,123.86,1.0,128.0,1.0,123.75,1.0,130.0,2.0,123.5,1.0,131.0,1.0,122.0,1.0,132.0,1.0,121.25,1.0,132.03,1.0,121.0,1.0,132.06,1.0,120.95,1.0,132.24,1.0,119.0,1.0,,,118.65,1.0,,
94,Germany_Baseload#19#0#10000106,2021-10-13 06:34:37.938000,124.0,1.0,125.0,7.0,123.97,1.0,128.0,1.0,123.86,1.0,130.0,2.0,123.75,1.0,131.0,1.0,123.5,1.0,132.0,1.0,122.0,1.0,132.03,1.0,121.25,1.0,132.06,1.0,121.0,1.0,132.24,1.0,120.95,1.0,,,119.0,1.0,,
95,Germany_Baseload#19#0#10000106,2021-10-13 06:34:37.954000,124.0,1.0,125.0,7.0,123.97,2.0,128.0,1.0,123.86,1.0,130.0,2.0,123.75,1.0,131.0,1.0,123.5,1.0,132.0,1.0,122.0,1.0,132.03,1.0,121.25,1.0,132.06,1.0,121.0,1.0,132.24,1.0,120.95,1.0,,,119.0,1.0,,
96,Germany_Baseload#19#0#10000106,2021-10-13 06:36:33.547000,124.0,1.0,125.0,7.0,123.97,2.0,128.0,1.0,123.86,1.0,130.0,2.0,123.75,1.0,131.0,1.0,123.5,1.0,132.0,1.0,122.0,1.0,132.03,1.0,121.25,1.0,132.06,1.0,121.0,1.0,132.24,1.0,120.95,1.0,,,120.0,5.0,,
97,Germany_Baseload#19#0#10000106,2021-10-13 06:37:35.463000,124.0,1.0,125.0,7.0,123.97,2.0,128.0,1.0,123.86,1.0,130.0,2.0,123.75,1.0,131.0,1.0,123.5,1.0,132.0,1.0,122.0,1.0,132.03,1.0,121.25,1.0,132.06,1.0,121.0,1.0,132.24,1.0,120.95,1.0,,,120.2,5.0,,
98,Germany_Baseload#19#0#10000106,2021-10-13 06:37:39.914000,124.0,1.0,125.0,7.0,123.97,2.0,128.0,1.0,123.86,1.0,130.0,2.0,123.75,1.0,131.0,1.0,123.5,1.0,132.0,1.0,122.0,1.0,132.03,1.0,121.25,1.0,132.06,1.0,121.0,1.0,132.24,1.0,120.95,1.0,,,119.0,1.0,,
99,Germany_Baseload#19#0#10000106,2021-10-13 06:37:51.337000,124.0,1.0,125.0,7.0,123.97,2.0,128.0,1.0,123.86,1.0,130.0,2.0,123.75,1.0,131.0,1.0,123.5,1.0,132.0,1.0,122.0,1.0,132.03,1.0,121.25,1.0,132.06,1.0,121.0,1.0,132.24,1.0,120.95,1.0,,,119.0,1.0,,
100,Germany_Baseload#19#0#10000106,2021-10-13 06:37:52.877000,124.0,1.0,125.0,7.0,123.97,2.0,128.0,1.0,123.86,1.0,130.0,2.0,123.75,1.0,131.0,1.0,123.5,1.0,132.0,1.0,122.0,1.0,132.03,1.0,121.25,1.0,132.06,1.0,121.0,1.0,132.24,1.0,120.95,1.0,,,120.4,5.0,,
101,Germany_Baseload#19#0#10000106,2021-10-13 06:37:53.728000,124.0,1.0,125.0,7.0,123.97,2.0,128.0,1.0,123.86,1.0,130.0,2.0,123.75,1.0,131.0,1.0,123.5,1.0,132.0,1.0,122.0,1.0,132.03,1.0,121.25,1.0,132.06,1.0,121.0,1.0,132.24,1.0,120.95,1.0,,,119.0,1.0,,
102,Germany_Baseload#19#0#10000106,2021-10-13 06:37:54.500000,124.0,1.0,125.0,7.0,123.97,2.0,128.0,1.0,123.86,1.0,130.0,2.0,123.75,1.0,131.0,1.0,123.5,1.0,132.0,1.0,122.0,1.0,132.03,1.0,121.25,1.0,132.06,1.0,121.0,1.0,132.24,1.0,120.95,1.0,,,119.0,1.0,,
103,Germany_Baseload#19#0#10000106,2021-10-13 06:37:54.907000,124.0,1.0,125.0,7.0,123.97,2.0,128.0,1.0,123.86,1.0,130.0,2.0,123.75,1.0,131.0,1.0,123.5,1.0,132.0,1.0,122.0,1.0,132.03,1.0,121.25,1.0,132.06,1.0,121.0,1.0,132.24,1.0,120.95,1.0,,,119.0,1.0,,
104,Germany_Baseload#19#0#10000106,2021-10-13 06:37:55.721000,124.0,1.0,125.0,7.0,123.97,2.0,128.0,1.0,123.86,1.0,130.0,2.0,123.75,1.0,131.0,1.0,123.5,1.0,132.0,1.0,122.0,1.0,132.03,1.0,121.25,1.0,132.06,1.0,121.0,1.0,132.24,1.0,120.95,1.0,,,119.0,1.0,,
105,Germany_Baseload#19#0#10000106,2021-10-13 06:38:01.126000,124.0,1.0,125.0,7.0,123.97,2.0,128.0,1.0,123.86,1.0,130.0,2.0,123.75,1.0,131.0,1.0,123.5,1.0,132.0,1.0,122.0,1.0,132.03,1.0,121.25,1.0,132.06,1.0,121.0,1.0,132.24,1.0,120.95,1.0,,,119.0,1.0,,
106,Germany_Baseload#19#0#10000106,2021-10-13 06:38:01.336000,124.0,1.0,125.0,7.0,123.97,2.0,128.0,1.0,123.86,1.0,130.0,2.0,123.75,1.0,131.0,1.0,123.5,1.0,132.0,1.0,122.0,1.0,132.03,1.0,121.25,1.0,132.06,1.0,121.0,1.0,132.24,1.0,120.95,1.0,,,119.0,1.0,,
107,Germany_Baseload#19#0#10000106,2021-10-13 06:38:02.155000,124.0,1.0,125.0,6.0,123.97,2.0,128.0,1.0,123.86,1.0,130.0,2.0,123.75,1.0,131.0,1.0,123.5,1.0,132.0,1.0,122.0,1.0,132.03,1.0,121.25,1.0,132.06,1.0,121.0,1.0,132.24,1.0,120.95,1.0,,,119.0,1.0,,
108,Germany_Baseload#19#0#10000106,2021-10-13 06:38:03.391000,124.0,1.0,125.0,4.0,123.97,2.0,128.0,1.0,123.86,1.0,130.0,2.0,123.75,1.0,131.0,1.0,123.5,1.0,132.0,1.0,122.0,1.0,132.03,1.0,121.25,1.0,132.06,1.0,121.0,1.0,132.24,1.0,120.95,1.0,,,119.0,1.0,,
109,Germany_Baseload#19#0#10000106,2021-10-13 06:38:11.587000,124.0,1.0,128.0,1.0,123.97,2.0,130.0,2.0,123.86,1.0,131.0,1.0,123.75,1.0,132.0,1.0,123.5,1.0,132.03,1.0,122.0,1.0,132.06,1.0,121.25,1.0,132.24,1.0,121.0,1.0,,,120.95,1.0,,,119.0,1.0,,
110,Germany_Baseload#19#0#10000106,2021-10-13 06:38:18.358000,124.0,1.0,128.0,1.0,123.97,2.0,130.0,3.0,123.86,1.0,131.0,1.0,123.75,1.0,132.0,1.0,123.5,1.0,132.03,1.0,122.0,1.0,132.06,1.0,121.25,1.0,132.24,1.0,121.0,1.0,,,120.95,1.0,,,119.0,1.0,,
111,Germany_Baseload#19#0#10000106,2021-10-13 06:38:30.484000,124.0,1.0,125.5,1.0,123.97,2.0,128.0,1.0,123.86,1.0,130.0,3.0,123.75,1.0,131.0,1.0,123.5,1.0,132.0,1.0,122.0,1.0,132.03,1.0,121.25,1.0,132.06,1.0,121.0,1.0,132.24,1.0,120.95,1.0,,,119.0,1.0,,
112,Germany_Baseload#19#0#10000106,2021-10-13 06:38:30.759000,124.0,1.0,125.5,1.0,123.97,2.0,126.0,1.0,123.86,1.0,128.0,1.0,123.75,1.0,130.0,3.0,123.5,1.0,131.0,1.0,122.0,1.0,132.0,1.0,121.25,1.0,132.03,1.0,121.0,1.0,132.06,1.0,120.95,1.0,132.24,1.0,119.0,1.0,,
113,Germany_Baseload#19#0#10000106,2021-10-13 06:38:54.747000,124.0,1.0,125.5,1.0,123.97,2.0,126.0,1.0,123.86,1.0,128.0,1.0,123.75,1.0,130.0,3.0,123.5,1.0,131.0,1.0,122.0,1.0,132.0,1.0,121.25,1.0,132.03,1.0,121.0,1.0,132.06,1.0,120.95,1.0,132.24,1.0,119.0,1.0,132.6,5.0
114,Germany_Baseload#19#0#10000106,2021-10-13 06:38:55.164000,124.0,1.0,125.5,1.0,123.97,2.0,126.0,1.0,123.86,1.0,128.0,1.0,123.75,1.0,130.0,3.0,123.5,1.0,131.0,1.0,122.0,1.0,132.0,1.0,121.25,1.0,132.03,1.0,121.0,1.0,132.06,1.0,120.95,1.0,132.24,1.0,119.0,1.0,,
115,Germany_Baseload#19#0#10000106,2021-10-13 06:39:11.594000,124.0,1.0,125.5,1.0,123.97,2.0,126.0,1.0,123.86,1.0,128.0,1.0,123.75,1.0,130.0,3.0,123.5,1.0,131.0,1.0,122.0,1.0,132.0,1.0,121.25,1.0,132.03,1.0,121.0,1.0,132.06,1.0,120.95,1.0,132.24,1.0,119.0,1.0,137.8,5.0
116,Germany_Baseload#19#0#10000106,2021-10-13 06:39:13.169000,124.0,1.0,125.5,1.0,123.97,2.0,128.0,1.0,123.86,1.0,130.0,3.0,123.75,1.0,131.0,1.0,123.5,1.0,132.0,1.0,122.0,1.0,132.03,1.0,121.25,1.0,132.06,1.0,121.0,1.0,132.24,1.0,120.95,1.0,137.8,5.0,119.0,1.0,,
117,Germany_Baseload#19#0#10000106,2021-10-13 06:39:17.055000,124.0,1.0,125.5,1.0,123.97,2.0,128.0,1.0,123.86,1.0,130.0,3.0,123.75,1.0,131.0,1.0,123.5,1.0,132.0,1.0,122.0,1.0,132.03,1.0,121.25,1.0,132.06,1.0,121.0,1.0,132.24,1.0,120.95,1.0,136.4,5.0,119.0,1.0,,
118,Germany_Baseload#19#0#10000106,2021-10-13 06:39:24.874000,124.0,1.0,125.5,1.0,123.97,2.0,128.0,1.0,123.86,1.0,130.0,3.0,123.75,1.0,131.0,1.0,123.5,1.0,132.0,1.0,122.0,1.0,132.03,1.0,121.25,1.0,132.06,1.0,121.0,1.0,132.24,1.0,120.95,1.0,,,119.0,1.0,,
119,Germany_Baseload#19#0#10000106,2021-10-13 06:39:29.458000,124.0,1.0,125.5,1.0,123.97,2.0,126.0,5.0,123.86,1.0,128.0,1.0,123.75,1.0,130.0,3.0,123.5,1.0,131.0,1.0,122.0,1.0,132.0,1.0,121.25,1.0,132.03,1.0,121.0,1.0,132.06,1.0,120.95,1.0,132.24,1.0,119.0,1.0,,
120,Germany_Baseload#19#0#10000106,2021-10-13 06:40:02.230000,124.0,1.0,125.5,1.0,123.97,2.0,126.0,5.0,123.86,1.0,128.0,1.0,123.75,1.0,130.0,3.0,123.5,1.0,131.0,1.0,122.0,1.0,132.0,1.0,121.25,1.0,132.03,1.0,121.0,1.0,132.06,1.0,120.95,1.0,132.24,1.0,119.0,1.0,,
121,Germany_Baseload#19#0#10000106,2021-10-13 06:40:08.243000,124.0,1.0,125.5,1.0,123.97,2.0,126.0,5.0,123.86,1.0,128.0,1.0,123.75,1.0,130.0,3.0,123.5,1.0,131.0,1.0,122.0,1.0,132.0,1.0,121.25,1.0,132.03,1.0,121.0,1.0,132.06,1.0,120.95,1.0,132.24,1.0,119.0,1.0,,
122,Germany_Baseload#19#0#10000106,2021-10-13 06:40:09.061000,124.0,1.0,125.5,1.0,123.97,2.0,126.0,5.0,123.86,1.0,128.0,1.0,123.75,1.0,130.0,3.0,123.5,1.0,131.0,1.0,122.0,1.0,132.0,1.0,121.25,1.0,132.03,1.0,121.0,1.0,132.06,1.0,120.95,1.0,132.24,1.0,119.0,1.0,,
123,Germany_Baseload#19#0#10000106,2021-10-13 06:40:17.079000,124.0,1.0,125.5,1.0,123.97,2.0,126.0,5.0,123.86,1.0,128.0,1.0,123.5,1.0,130.0,3.0,122.0,1.0,131.0,1.0,121.25,1.0,132.0,1.0,121.0,1.0,132.03,1.0,120.95,1.0,132.06,1.0,119.0,1.0,132.24,1.0,118.65,1.0,,
124,Germany_Baseload#19#0#10000106,2021-10-13 06:40:17.171000,124.01,1.0,125.5,1.0,124.0,1.0,126.0,5.0,123.97,2.0,128.0,1.0,123.5,1.0,130.0,3.0,122.0,1.0,131.0,1.0,121.25,1.0,132.0,1.0,121.0,1.0,132.03,1.0,120.95,1.0,132.06,1.0,119.0,1.0,132.24,1.0,118.65,1.0,,
125,Germany_Baseload#19#0#10000106,2021-10-13 06:40:18.298000,124.01,1.0,125.5,1.0,124.0,1.0,126.0,5.0,123.97,2.0,128.0,1.0,123.5,1.0,130.0,3.0,122.0,1.0,131.0,1.0,121.25,1.0,132.0,1.0,121.0,1.0,132.03,1.0,120.95,1.0,132.06,1.0,119.0,1.0,132.24,1.0,118.65,1.0,135.8,5.0
126,Germany_Baseload#19#0#10000106,2021-10-13 06:40:43.947000,124.01,1.0,125.4,1.0,124.0,1.0,125.5,1.0,123.97,2.0,126.0,5.0,123.5,1.0,128.0,1.0,122.0,1.0,130.0,3.0,121.25,1.0,131.0,1.0,121.0,1.0,132.0,1.0,120.95,1.0,132.03,1.0,119.0,1.0,132.06,1.0,118.65,1.0,132.24,1.0
127,Germany_Baseload#19#0#10000106,2021-10-13 06:40:52.924000,124.01,1.0,125.4,1.0,124.0,1.0,125.5,1.0,123.97,2.0,126.0,5.0,123.5,1.0,128.0,1.0,122.0,1.0,130.0,3.0,121.25,1.0,131.0,1.0,121.0,1.0,132.0,1.0,120.95,1.0,132.03,1.0,119.0,1.0,132.06,1.0,118.65,1.0,132.24,1.0
128,Germany_Baseload#19#0#10000106,2021-10-13 06:40:53.124000,124.01,1.0,125.4,1.0,124.0,1.0,125.5,1.0,123.97,2.0,126.0,5.0,123.5,1.0,128.0,1.0,122.0,1.0,130.0,3.0,121.25,1.0,131.0,1.0,121.0,1.0,132.0,1.0,120.95,1.0,132.03,1.0,119.0,1.0,132.06,1.0,118.65,1.0,132.24,1.0
129,Germany_Baseload#19#0#10000106,2021-10-13 06:40:53.329000,124.01,1.0,125.4,1.0,124.0,1.0,125.5,1.0,123.97,2.0,126.0,5.0,123.5,1.0,128.0,1.0,122.0,1.0,130.0,3.0,121.25,1.0,131.0,1.0,121.0,1.0,132.0,1.0,120.95,1.0,132.03,1.0,119.0,1.0,132.06,1.0,118.65,1.0,132.24,1.0
130,Germany_Baseload#19#0#10000106,2021-10-13 06:40:53.544000,124.01,1.0,125.4,1.0,124.0,1.0,125.5,1.0,123.97,2.0,126.0,5.0,123.5,1.0,128.0,1.0,122.0,1.0,130.0,3.0,121.25,1.0,131.0,1.0,121.0,1.0,132.0,1.0,120.95,1.0,132.03,1.0,119.0,1.0,132.06,1.0,118.65,1.0,132.24,1.0
131,Germany_Baseload#19#0#10000106,2021-10-13 06:40:54.913000,124.01,1.0,125.4,1.0,124.0,1.0,126.0,5.0,123.97,2.0,128.0,1.0,123.5,1.0,130.0,3.0,122.0,1.0,131.0,1.0,121.25,1.0,132.0,1.0,121.0,1.0,132.03,1.0,120.95,1.0,132.06,1.0,119.0,1.0,132.24,1.0,118.65,1.0,135.8,5.0
132,Germany_Baseload#19#0#10000106,2021-10-13 06:41:01.479000,124.01,1.0,125.4,1.0,124.0,1.0,126.0,6.0,123.97,2.0,128.0,1.0,123.5,1.0,130.0,3.0,122.0,1.0,131.0,1.0,121.25,1.0,132.0,1.0,121.0,1.0,132.03,1.0,120.95,1.0,132.06,1.0,119.0,1.0,132.24,1.0,118.65,1.0,135.8,5.0
133,Germany_Baseload#19#0#10000106,2021-10-13 06:41:17.363000,124.01,1.0,125.4,1.0,124.0,1.0,126.0,7.0,123.97,2.0,128.0,1.0,123.5,1.0,130.0,3.0,122.0,1.0,131.0,1.0,121.25,1.0,132.0,1.0,121.0,1.0,132.03,1.0,120.95,1.0,132.06,1.0,119.0,1.0,132.24,1.0,118.65,1.0,135.8,5.0
134,Germany_Baseload#19#0#10000106,2021-10-13 06:41:47.559000,124.01,1.0,125.4,1.0,124.0,1.0,125.9,1.0,123.97,2.0,126.0,7.0,123.5,1.0,128.0,1.0,122.0,1.0,130.0,3.0,121.25,1.0,131.0,1.0,121.0,1.0,132.0,1.0,120.95,1.0,132.03,1.0,119.0,1.0,132.06,1.0,118.65,1.0,132.24,1.0
135,Germany_Baseload#19#0#10000106,2021-10-13 06:41:54.830000,124.01,1.0,125.4,1.0,124.0,1.0,125.9,1.0,123.97,2.0,126.0,7.0,123.5,1.0,128.0,1.0,123.4,1.0,130.0,3.0,122.0,1.0,131.0,1.0,121.25,1.0,132.0,1.0,121.0,1.0,132.03,1.0,120.95,1.0,132.06,1.0,119.0,1.0,132.24,1.0
136,Germany_Baseload#19#0#10000106,2021-10-13 06:42:01.673000,124.01,1.0,125.4,1.0,124.0,1.0,125.9,1.0,123.97,2.0,126.0,7.0,123.5,1.0,128.0,1.0,123.4,1.0,130.0,3.0,122.5,1.0,131.0,1.0,122.0,1.0,132.0,1.0,121.25,1.0,132.03,1.0,121.0,1.0,132.06,1.0,120.95,1.0,132.24,1.0
137,Germany_Baseload#19#0#10000106,2021-10-13 06:42:08.212000,124.01,1.0,125.4,1.0,124.0,1.0,125.9,1.0,123.97,2.0,126.0,7.0,123.5,1.0,127.8,1.0,123.4,1.0,128.0,1.0,122.5,1.0,130.0,3.0,122.0,1.0,131.0,1.0,121.25,1.0,132.0,1.0,121.0,1.0,132.03,1.0,120.95,1.0,132.06,1.0
138,Germany_Baseload#19#0#10000106,2021-10-13 06:42:36.112000,124.1,1.0,125.0,1.0,124.01,1.0,125.9,1.0,124.0,1.0,126.0,7.0,123.5,1.0,128.0,1.0,123.4,1.0,130.0,2.0,123.0,1.0,131.0,1.0,122.0,1.0,132.0,1.0,121.25,1.0,132.03,1.0,121.0,1.0,132.06,1.0,120.95,1.0,132.24,1.0
139,Germany_Baseload#19#0#10000106,2021-10-13 06:42:36.295000,124.01,1.0,125.0,2.0,124.0,1.0,125.4,1.0,123.97,2.0,125.9,1.0,123.5,1.0,126.0,7.0,123.4,1.0,127.8,1.0,122.5,1.0,128.0,1.0,122.0,1.0,130.0,3.0,121.25,1.0,131.0,1.0,121.0,1.0,132.0,1.0,120.95,1.0,132.03,1.0
140,Germany_Baseload#19#0#10000106,2021-10-13 06:42:43.222000,124.01,1.0,125.0,2.0,124.0,1.0,125.4,1.0,123.97,2.0,125.9,1.0,123.5,1.0,126.0,7.0,123.4,1.0,127.8,1.0,122.5,1.0,128.0,1.0,122.0,1.0,130.0,3.0,121.25,1.0,131.0,1.0,121.0,1.0,132.0,1.0,120.95,1.0,132.03,1.0
141,Germany_Baseload#19#0#10000106,2021-10-13 06:42:43.258000,124.01,1.0,125.0,2.0,124.0,1.0,125.4,1.0,123.97,1.0,125.9,1.0,123.5,1.0,126.0,7.0,123.4,1.0,127.8,1.0,122.5,1.0,128.0,1.0,122.0,1.0,130.0,3.0,121.25,1.0,131.0,1.0,121.0,1.0,132.0,1.0,120.95,1.0,132.03,1.0
142,Germany_Baseload#19#0#10000106,2021-10-13 06:42:43.261000,124.01,1.0,125.0,2.0,124.0,1.0,125.4,1.0,123.5,1.0,125.9,1.0,123.4,1.0,126.0,7.0,122.5,1.0,127.8,1.0,122.0,1.0,128.0,1.0,121.25,1.0,130.0,3.0,121.0,1.0,131.0,1.0,120.95,1.0,132.0,1.0,119.0,1.0,132.03,1.0
143,Germany_Baseload#19#0#10000106,2021-10-13 06:42:56.657000,124.01,1.0,125.0,2.0,124.0,1.0,125.4,1.0,123.5,1.0,125.9,1.0,123.4,1.0,126.0,7.0,122.5,1.0,127.8,1.0,122.0,1.0,128.0,1.0,121.25,1.0,130.0,3.0,121.0,1.0,131.0,1.0,120.95,1.0,132.0,1.0,119.0,1.0,132.03,1.0
144,Germany_Baseload#19#0#10000106,2021-10-13 06:42:58.509000,124.01,1.0,125.0,2.0,124.0,1.0,125.4,1.0,123.5,1.0,125.9,1.0,123.4,1.0,126.0,7.0,123.0,1.0,127.8,1.0,122.5,1.0,128.0,1.0,122.0,1.0,130.0,3.0,121.25,1.0,131.0,1.0,121.0,1.0,132.0,1.0,120.95,1.0,132.03,1.0
145,Germany_Baseload#19#0#10000106,2021-10-13 06:43:05.691000,124.01,1.0,125.0,2.0,124.0,1.0,125.4,1.0,123.5,1.0,125.9,1.0,123.4,1.0,126.0,7.0,123.0,1.0,127.8,1.0,122.5,1.0,128.0,1.0,122.0,1.0,130.0,3.0,121.25,1.0,131.0,1.0,121.0,1.0,132.0,1.0,120.95,1.0,132.03,1.0
146,Germany_Baseload#19#0#10000106,2021-10-13 06:43:05.745000,124.01,1.0,125.0,2.0,124.0,1.0,125.4,1.0,123.5,1.0,125.9,1.0,123.4,1.0,126.0,7.0,123.0,1.0,127.8,1.0,122.5,1.0,128.0,1.0,122.0,1.0,130.0,3.0,121.25,1.0,131.0,1.0,121.0,1.0,132.0,1.0,120.95,1.0,132.03,1.0
147,Germany_Baseload#19#0#10000106,2021-10-13 06:43:09.516000,124.01,1.0,125.0,2.0,124.0,1.0,125.4,1.0,123.5,1.0,125.9,1.0,123.4,1.0,126.0,7.0,123.0,1.0,127.8,1.0,122.5,1.0,128.0,1.0,122.0,1.0,130.0,3.0,121.25,1.0,131.0,1.0,121.0,1.0,132.0,1.0,120.95,1.0,132.03,1.0
148,Germany_Baseload#19#0#10000106,2021-10-13 06:43:10.751000,124.01,1.0,125.0,2.0,124.0,1.0,125.4,1.0,123.5,1.0,125.9,2.0,123.4,1.0,126.0,7.0,123.0,1.0,127.8,1.0,122.5,1.0,128.0,1.0,122.0,1.0,130.0,3.0,121.25,1.0,131.0,1.0,121.0,1.0,132.0,1.0,120.95,1.0,132.03,1.0
149,Germany_Baseload#19#0#10000106,2021-10-13 06:43:15.206000,124.1,1.0,125.0,2.0,124.01,1.0,125.4,1.0,124.0,1.0,125.9,2.0,123.5,1.0,126.0,7.0,123.4,1.0,127.8,1.0,123.0,1.0,128.0,1.0,122.5,1.0,130.0,3.0,122.0,1.0,131.0,1.0,121.25,1.0,132.0,1.0,121.0,1.0,132.03,1.0
150,Germany_Baseload#19#0#10000106,2021-10-13 06:43:17.589000,124.1,1.0,125.0,2.0,124.01,1.0,125.4,1.0,124.0,1.0,125.9,2.0,123.5,1.0,126.0,7.0,123.4,1.0,127.8,1.0,123.0,1.0,128.0,1.0,122.5,1.0,130.0,3.0,122.0,1.0,131.0,1.0,121.25,1.0,132.0,1.0,121.0,1.0,132.03,1.0
151,Germany_Baseload#19#0#10000106,2021-10-13 06:43:18.369000,124.1,1.0,125.0,2.0,124.01,1.0,125.4,1.0,124.0,1.0,125.9,2.0,123.5,1.0,126.0,7.0,123.4,1.0,127.8,1.0,123.0,1.0,128.0,1.0,122.5,1.0,130.0,3.0,122.0,1.0,131.0,1.0,121.25,1.0,132.0,1.0,121.0,1.0,132.03,1.0
152,Germany_Baseload#19#0#10000106,2021-10-13 06:43:18.978000,124.1,1.0,125.0,2.0,124.01,1.0,125.4,1.0,124.0,1.0,125.9,2.0,123.5,1.0,126.0,7.0,123.4,1.0,127.8,1.0,123.0,1.0,128.0,1.0,122.5,1.0,130.0,3.0,122.0,1.0,131.0,1.0,121.25,1.0,132.0,1.0,121.0,1.0,132.03,1.0
153,Germany_Baseload#19#0#10000106,2021-10-13 06:43:19.940000,124.1,1.0,125.0,2.0,124.01,1.0,125.4,1.0,124.0,1.0,125.9,2.0,123.5,1.0,126.0,7.0,123.4,1.0,127.8,1.0,123.0,1.0,128.0,1.0,122.5,1.0,130.0,3.0,122.0,1.0,131.0,1.0,121.25,1.0,132.0,1.0,121.0,1.0,132.03,1.0
154,Germany_Baseload#19#0#10000106,2021-10-13 06:43:31.524000,124.1,1.0,125.0,2.0,124.01,1.0,125.4,1.0,124.0,1.0,125.9,2.0,123.5,1.0,126.0,7.0,123.4,1.0,127.8,1.0,123.0,1.0,128.0,1.0,122.0,1.0,130.0,3.0,121.25,1.0,131.0,1.0,121.0,1.0,132.0,1.0,120.95,1.0,132.03,1.0
155,Germany_Baseload#19#0#10000106,2021-10-13 06:43:35.508000,124.1,1.0,125.0,2.0,124.01,1.0,125.4,1.0,124.0,1.0,125.9,2.0,123.5,1.0,126.0,7.0,123.4,1.0,128.0,1.0,123.0,1.0,130.0,3.0,122.0,1.0,131.0,1.0,121.25,1.0,132.0,1.0,121.0,1.0,132.03,1.0,120.95,1.0,132.06,1.0
156,Germany_Baseload#19#0#10000106,2021-10-13 06:43:41.278000,124.1,1.0,125.0,2.0,124.01,1.0,125.4,1.0,124.0,1.0,125.9,2.0,123.5,1.0,126.0,7.0,123.4,1.0,128.0,1.0,123.0,1.0,130.0,3.0,122.0,1.0,131.0,1.0,121.25,1.0,132.0,1.0,121.0,1.0,132.03,1.0,120.95,1.0,132.06,1.0
157,Germany_Baseload#19#0#10000106,2021-10-13 06:43:55.779000,124.1,1.0,125.0,2.0,124.01,1.0,125.4,1.0,124.0,1.0,125.9,2.0,123.5,1.0,126.0,7.0,123.4,1.0,128.0,1.0,123.0,1.0,130.0,3.0,122.0,1.0,131.0,1.0,121.25,1.0,132.0,1.0,121.0,1.0,132.03,1.0,120.95,1.0,132.06,1.0
158,Germany_Baseload#19#0#10000106,2021-10-13 06:43:55.946000,124.1,1.0,125.0,2.0,124.01,1.0,125.4,1.0,124.0,1.0,125.9,2.0,123.5,1.0,126.0,7.0,123.4,1.0,128.0,1.0,123.0,1.0,130.0,3.0,122.0,1.0,131.0,1.0,121.25,1.0,132.0,1.0,121.0,1.0,132.03,1.0,120.95,1.0,132.06,1.0
159,Germany_Baseload#19#0#10000106,2021-10-13 06:43:58.566000,124.1,1.0,125.0,2.0,124.01,1.0,125.4,1.0,124.0,1.0,125.9,2.0,123.5,1.0,126.0,7.0,123.4,1.0,128.0,1.0,123.0,1.0,130.0,2.0,122.0,1.0,131.0,1.0,121.25,1.0,132.0,1.0,121.0,1.0,132.03,1.0,120.95,1.0,132.06,1.0
160,Germany_Baseload#19#0#10000106,2021-10-13 06:44:00.176000,124.1,1.0,125.0,2.0,124.01,1.0,125.4,1.0,124.0,1.0,125.9,2.0,123.5,1.0,126.0,7.0,123.4,1.0,128.0,1.0,123.0,1.0,130.0,2.0,122.0,1.0,131.0,1.0,121.25,1.0,132.0,1.0,121.0,1.0,132.03,1.0,120.95,1.0,132.06,1.0
161,Germany_Baseload#19#0#10000106,2021-10-13 06:44:02.013000,124.1,1.0,125.0,2.0,124.01,1.0,125.4,1.0,124.0,1.0,125.9,2.0,123.5,1.0,126.0,7.0,123.4,1.0,128.0,1.0,123.0,1.0,130.0,2.0,122.0,1.0,131.0,1.0,121.25,1.0,132.0,1.0,121.0,1.0,132.03,1.0,120.95,1.0,132.06,1.0
162,Germany_Baseload#19#0#10000106,2021-10-13 06:44:39.404000,124.1,1.0,125.0,2.0,124.01,1.0,125.4,1.0,124.0,1.0,125.9,2.0,123.5,1.0,126.0,7.0,123.4,1.0,128.0,1.0,123.0,1.0,130.0,2.0,122.0,1.0,131.0,1.0,121.25,1.0,132.0,1.0,121.0,1.0,132.03,1.0,120.95,1.0,132.06,1.0
163,Germany_Baseload#19#0#10000106,2021-10-13 06:44:44.404000,124.1,1.0,125.0,1.0,124.01,1.0,125.9,2.0,124.0,1.0,126.0,7.0,123.5,1.0,128.0,1.0,123.4,1.0,130.0,2.0,123.0,1.0,131.0,1.0,122.0,1.0,132.0,1.0,121.25,1.0,132.03,1.0,121.0,1.0,132.06,1.0,120.95,1.0,132.24,1.0
164,Germany_Baseload#19#0#10000106,2021-10-13 06:44:45.476000,124.1,1.0,125.0,1.0,124.01,1.0,125.9,2.0,124.0,1.0,126.0,7.0,123.5,1.0,128.0,1.0,123.4,1.0,130.0,2.0,123.0,1.0,131.0,1.0,122.0,1.0,132.0,1.0,121.25,1.0,132.03,1.0,121.0,1.0,132.06,1.0,120.95,1.0,132.24,1.0
165,Germany_Baseload#19#0#10000106,2021-10-13 06:44:45.634000,124.1,1.0,125.0,1.0,124.01,1.0,125.9,2.0,124.0,1.0,126.0,7.0,123.5,1.0,128.0,1.0,123.4,1.0,130.0,2.0,123.0,1.0,131.0,1.0,122.0,1.0,132.0,1.0,121.25,1.0,132.03,1.0,121.0,1.0,132.06,1.0,120.95,1.0,132.24,1.0
166,Germany_Baseload#19#0#10000106,2021-10-13 06:44:51.701000,124.1,1.0,125.0,1.0,124.01,1.0,125.9,2.0,124.0,1.0,126.0,7.0,123.5,1.0,128.0,1.0,123.4,1.0,130.0,2.0,123.0,1.0,131.0,1.0,122.0,1.0,132.0,1.0,121.25,1.0,132.03,1.0,121.0,1.0,132.06,1.0,120.95,1.0,132.24,1.0
167,Germany_Baseload#19#0#10000106,2021-10-13 06:44:51.764000,124.1,1.0,125.0,1.0,124.01,1.0,125.9,2.0,124.0,1.0,126.0,7.0,123.5,1.0,128.0,1.0,123.4,1.0,130.0,2.0,123.0,1.0,131.0,1.0,122.0,1.0,132.0,1.0,121.25,1.0,132.03,1.0,121.0,1.0,132.06,1.0,120.95,1.0,132.24,1.0
168,Germany_Baseload#19#0#10000106,2021-10-13 06:45:01.567000,124.1,1.0,125.0,1.0,124.01,1.0,125.9,2.0,124.0,1.0,126.0,7.0,123.5,1.0,128.0,1.0,123.4,1.0,130.0,2.0,123.0,1.0,131.0,1.0,122.0,1.0,132.0,1.0,121.25,1.0,132.03,1.0,121.0,5.0,132.06,1.0,120.95,1.0,132.24,1.0
169,Germany_Baseload#19#0#10000106,2021-10-13 06:45:03.548000,124.1,1.0,125.0,1.0,124.01,1.0,125.9,2.0,124.0,1.0,126.0,7.0,123.5,1.0,128.0,1.0,123.4,1.0,130.0,2.0,123.0,1.0,131.0,1.0,122.0,1.0,132.0,1.0,121.25,1.0,132.03,1.0,121.0,5.0,132.06,1.0,120.95,1.0,132.24,1.0
170,Germany_Baseload#19#0#10000106,2021-10-13 06:45:32.128000,124.1,1.0,125.0,1.0,124.01,1.0,125.9,2.0,124.0,1.0,126.0,7.0,123.5,1.0,128.0,1.0,123.4,1.0,130.0,2.0,123.0,1.0,131.0,1.0,122.0,1.0,132.0,1.0,121.25,1.0,132.03,1.0,121.0,1.0,132.06,1.0,120.95,1.0,132.24,1.0
171,Germany_Baseload#19#0#10000106,2021-10-13 06:45:32.339000,124.1,1.0,125.0,1.0,124.01,1.0,125.9,2.0,124.0,1.0,126.0,7.0,123.5,1.0,128.0,1.0,123.4,1.0,130.0,2.0,123.0,1.0,131.0,1.0,122.0,1.0,132.0,1.0,121.25,1.0,132.03,1.0,121.0,1.0,132.06,1.0,120.95,1.0,132.24,1.0
172,Germany_Baseload#19#0#10000106,2021-10-13 06:45:37.432000,124.1,1.0,125.0,1.0,124.01,1.0,125.9,2.0,124.0,1.0,126.0,7.0,123.5,1.0,128.0,1.0,123.4,1.0,130.0,2.0,123.0,1.0,131.0,1.0,122.0,1.0,132.0,1.0,121.25,1.0,132.03,1.0,121.0,1.0,132.06,1.0,120.95,1.0,132.24,1.0
173,Germany_Baseload#19#0#10000106,2021-10-13 06:45:38.354000,124.1,1.0,125.0,1.0,124.01,1.0,125.9,2.0,124.0,1.0,126.0,7.0,123.5,1.0,128.0,1.0,123.4,1.0,130.0,2.0,123.0,1.0,131.0,1.0,122.0,1.0,132.0,1.0,121.25,1.0,132.03,1.0,121.0,5.0,132.06,1.0,120.95,1.0,132.24,1.0
174,Germany_Baseload#19#0#10000106,2021-10-13 06:45:41.371000,124.1,1.0,125.0,1.0,124.01,1.0,125.9,2.0,124.0,1.0,126.0,7.0,123.5,1.0,128.0,1.0,123.4,1.0,130.0,2.0,123.0,1.0,131.0,1.0,122.0,1.0,132.0,1.0,121.25,1.0,132.03,1.0,121.0,5.0,132.06,1.0,120.95,1.0,132.24,1.0
175,Germany_Baseload#19#0#10000106,2021-10-13 06:45:42.797000,124.1,1.0,125.0,1.0,124.01,1.0,125.9,2.0,124.0,1.0,126.0,7.0,123.5,1.0,128.0,1.0,123.4,1.0,130.0,2.0,123.0,1.0,131.0,1.0,122.0,1.0,132.0,1.0,121.25,1.0,132.03,1.0,121.0,1.0,132.06,1.0,120.95,1.0,132.24,1.0
176,Germany_Baseload#19#0#10000106,2021-10-13 06:45:45.808000,124.1,1.0,125.0,1.0,124.01,1.0,125.9,2.0,124.0,1.0,126.0,7.0,123.5,1.0,128.0,1.0,123.4,1.0,130.0,2.0,123.0,1.0,131.0,1.0,122.0,1.0,132.0,1.0,121.25,1.0,132.03,1.0,121.0,1.0,132.06,1.0,120.95,1.0,132.24,1.0
177,Germany_Baseload#19#0#10000106,2021-10-13 06:45:45.904000,124.1,1.0,125.0,1.0,124.01,1.0,125.9,1.0,124.0,1.0,126.0,7.0,123.5,1.0,128.0,1.0,123.4,1.0,130.0,2.0,123.0,1.0,131.0,1.0,122.0,1.0,132.0,1.0,121.25,1.0,132.03,1.0,121.0,1.0,132.06,1.0,120.95,1.0,132.24,1.0
178,Germany_Baseload#19#0#10000106,2021-10-13 06:45:47.654000,124.1,1.0,125.0,1.0,124.01,1.0,125.9,1.0,124.0,1.0,126.0,7.0,123.5,1.0,128.0,1.0,123.4,1.0,130.0,2.0,123.0,1.0,131.0,1.0,122.0,1.0,132.0,1.0,121.25,1.0,132.03,1.0,121.0,1.0,132.06,1.0,120.95,1.0,132.24,1.0
179,Germany_Baseload#19#0#10000106,2021-10-13 06:45:49.997000,124.1,1.0,125.0,2.0,124.01,1.0,125.9,1.0,124.0,1.0,126.0,7.0,123.5,1.0,128.0,1.0,123.4,1.0,130.0,2.0,123.0,1.0,131.0,1.0,122.0,1.0,132.0,1.0,121.25,1.0,132.03,1.0,121.0,1.0,132.06,1.0,120.95,1.0,132.24,1.0
180,Germany_Baseload#19#0#10000106,2021-10-13 06:45:50.312000,124.1,1.0,125.0,1.0,124.01,1.0,125.9,1.0,124.0,1.0,126.0,7.0,123.5,1.0,128.0,1.0,123.4,1.0,130.0,2.0,123.0,1.0,131.0,1.0,122.0,1.0,132.0,1.0,121.25,1.0,132.03,1.0,121.0,1.0,132.06,1.0,120.95,1.0,132.24,1.0
181,Germany_Baseload#19#0#10000106,2021-10-13 06:45:53.659000,124.1,1.0,125.9,1.0,124.01,1.0,126.0,7.0,124.0,1.0,128.0,1.0,123.5,1.0,130.0,2.0,123.4,1.0,131.0,1.0,123.0,1.0,132.0,1.0,122.0,1.0,132.03,1.0,121.25,1.0,132.06,1.0,121.0,1.0,132.24,1.0,120.95,1.0,,
182,Germany_Baseload#19#0#10000106,2021-10-13 06:45:53.754000,124.1,1.0,125.9,2.0,124.01,1.0,126.0,7.0,124.0,1.0,128.0,1.0,123.5,1.0,130.0,2.0,123.4,1.0,131.0,1.0,123.0,1.0,132.0,1.0,122.0,1.0,132.03,1.0,121.25,1.0,132.06,1.0,121.0,1.0,132.24,1.0,120.95,1.0,,
183,Germany_Baseload#19#0#10000106,2021-10-13 06:45:56.026000,124.1,1.0,125.9,2.0,124.01,1.0,126.0,7.0,124.0,1.0,128.0,1.0,123.5,1.0,130.0,2.0,123.4,1.0,131.0,1.0,123.0,1.0,132.0,1.0,122.0,1.0,132.03,1.0,121.25,1.0,132.06,1.0,121.2,5.0,132.24,1.0,121.0,1.0,,
184,Germany_Baseload#19#0#10000106,2021-10-13 06:45:59.423000,124.1,1.0,125.9,1.0,124.01,1.0,126.0,7.0,124.0,1.0,128.0,1.0,123.5,1.0,130.0,2.0,123.4,1.0,131.0,1.0,123.0,1.0,132.0,1.0,122.0,1.0,132.03,1.0,121.25,1.0,132.06,1.0,121.2,5.0,132.24,1.0,121.0,1.0,,
185,Germany_Baseload#19#0#10000106,2021-10-13 06:45:59.516000,124.1,1.0,125.95,1.0,124.01,1.0,126.0,7.0,124.0,1.0,128.0,1.0,123.5,1.0,130.0,2.0,123.4,1.0,131.0,1.0,123.0,1.0,132.0,1.0,122.0,1.0,132.03,1.0,121.25,1.0,132.06,1.0,121.2,5.0,132.24,1.0,121.0,1.0,,
186,Germany_Baseload#19#0#10000106,2021-10-13 06:46:02.717000,124.1,1.0,125.95,1.0,124.01,1.0,126.0,7.0,124.0,1.0,128.0,1.0,123.5,1.0,130.0,2.0,123.4,1.0,131.0,1.0,123.0,1.0,132.0,1.0,122.0,1.0,132.03,1.0,121.25,1.0,132.06,1.0,121.0,1.0,132.24,1.0,120.95,1.0,,
187,Germany_Baseload#19#0#10000106,2021-10-13 06:46:04.245000,124.1,1.0,125.95,1.0,124.01,1.0,126.0,7.0,124.0,1.0,130.0,2.0,123.5,1.0,131.0,2.0,123.4,1.0,132.0,1.0,123.0,1.0,132.03,1.0,122.0,1.0,132.06,1.0,121.25,1.0,132.24,1.0,121.0,1.0,,,120.95,1.0,,
188,Germany_Baseload#19#0#10000106,2021-10-13 06:46:05.910000,124.76,1.0,125.0,1.0,124.75,1.0,125.95,1.0,124.5,1.0,126.0,6.0,124.25,1.0,130.0,1.0,124.1,1.0,131.0,2.0,124.05,1.0,132.0,2.0,123.4,1.0,132.03,1.0,122.0,1.0,132.06,1.0,121.4,5.0,132.24,1.0,121.25,1.0,,
189,Germany_Baseload#19#0#10000106,2021-10-13 06:46:11.335000,124.1,1.0,125.0,2.0,124.01,1.0,125.95,1.0,124.0,1.0,126.0,7.0,123.5,1.0,130.0,2.0,123.4,1.0,131.0,2.0,123.0,1.0,132.0,1.0,122.0,1.0,132.03,1.0,121.25,1.0,132.06,1.0,121.0,1.0,132.24,1.0,120.95,1.0,133.2,5.0
190,Germany_Baseload#19#0#10000106,2021-10-13 06:46:15.173000,124.1,1.0,125.0,2.0,124.01,1.0,125.95,1.0,124.0,1.0,126.0,7.0,123.5,1.0,130.0,2.0,123.4,1.0,131.0,2.0,123.0,1.0,132.0,1.0,122.0,1.0,132.03,1.0,121.25,1.0,132.06,1.0,121.0,1.0,132.24,1.0,120.95,1.0,,
191,Germany_Baseload#19#0#10000106,2021-10-13 06:46:15.570000,124.1,1.0,125.0,2.0,124.01,1.0,125.95,1.0,124.0,1.0,126.0,7.0,123.5,1.0,130.0,2.0,123.4,1.0,131.0,2.0,123.0,1.0,132.0,1.0,122.0,1.0,132.03,1.0,121.25,1.0,132.06,1.0,121.0,1.0,132.24,1.0,120.95,1.0,133.2,5.0
192,Germany_Baseload#19#0#10000106,2021-10-13 06:46:16.744000,124.1,1.0,125.0,2.0,124.01,1.0,125.95,1.0,124.0,1.0,126.0,7.0,123.5,1.0,130.0,2.0,123.4,1.0,131.0,2.0,123.0,1.0,132.0,1.0,122.0,1.0,132.03,1.0,121.25,1.0,132.06,1.0,121.0,1.0,132.24,1.0,120.95,1.0,,
193,Germany_Baseload#19#0#10000106,2021-10-13 06:46:23.844000,124.1,1.0,124.9,5.0,124.01,1.0,125.0,2.0,124.0,1.0,125.95,1.0,123.5,1.0,126.0,7.0,123.4,1.0,130.0,2.0,123.0,1.0,131.0,2.0,122.0,1.0,132.0,1.0,121.25,1.0,132.03,1.0,121.0,1.0,132.06,1.0,120.95,1.0,132.24,1.0
194,Germany_Baseload#19#0#10000106,2021-10-13 06:46:23.943000,124.1,1.0,124.9,5.0,124.01,1.0,125.0,2.0,124.0,1.0,126.0,7.0,123.5,1.0,130.0,2.0,123.4,1.0,131.0,2.0,123.0,1.0,132.0,1.0,122.0,1.0,132.03,1.0,121.25,1.0,132.06,1.0,121.0,1.0,132.24,1.0,120.95,1.0,,
195,Germany_Baseload#19#0#10000106,2021-10-13 06:46:25.634000,124.1,1.0,124.9,5.0,124.01,1.0,125.0,2.0,124.0,1.0,126.0,7.0,123.5,1.0,130.0,2.0,123.4,1.0,131.0,2.0,123.0,1.0,132.0,1.0,122.0,1.0,132.03,1.0,121.25,1.0,132.06,1.0,121.0,1.0,132.24,1.0,120.95,1.0,133.2,5.0
196,Germany_Baseload#19#0#10000106,2021-10-13 06:46:27.975000,124.1,1.0,124.9,5.0,124.01,1.0,125.0,2.0,124.0,1.0,126.0,6.0,123.5,1.0,130.0,2.0,123.4,1.0,131.0,2.0,123.0,1.0,132.0,1.0,122.0,1.0,132.03,1.0,121.25,1.0,132.06,1.0,121.0,1.0,132.24,1.0,120.95,1.0,133.2,5.0
197,Germany_Baseload#19#0#10000106,2021-10-13 06:46:29.835000,124.1,1.0,124.9,5.0,124.01,1.0,125.0,2.0,124.0,1.0,126.0,6.0,123.4,1.0,130.0,2.0,123.0,1.0,131.0,2.0,122.0,1.0,132.0,1.0,121.25,1.0,132.03,1.0,121.0,1.0,132.06,1.0,120.95,1.0,132.24,1.0,119.0,1.0,133.2,5.0
198,Germany_Baseload#19#0#10000106,2021-10-13 06:46:42.885000,124.1,1.0,124.9,5.0,124.01,1.0,125.0,2.0,124.0,1.0,126.0,6.0,123.4,1.0,130.0,2.0,123.0,1.0,131.0,2.0,122.0,1.0,132.0,1.0,121.4,5.0,132.03,1.0,121.25,1.0,132.06,1.0,121.0,1.0,132.24,1.0,120.95,1.0,133.2,5.0
199,Germany_Baseload#19#0#10000106,2021-10-13 06:46:43.069000,124.1,1.0,124.9,5.0,124.01,1.0,125.0,2.0,124.0,1.0,125.9,1.0,123.4,1.0,126.0,6.0,123.0,1.0,130.0,2.0,122.0,1.0,131.0,2.0,121.4,5.0,132.0,1.0,121.25,1.0,132.03,1.0,121.0,1.0,132.06,1.0,120.95,1.0,132.24,1.0
200,Germany_Baseload#19#0#10000106,2021-10-13 06:46:50.058000,124.1,1.0,124.9,5.0,124.01,1.0,125.0,1.0,124.0,1.0,125.9,1.0,123.4,1.0,126.0,6.0,123.0,1.0,130.0,2.0,122.0,1.0,131.0,2.0,121.4,5.0,132.0,1.0,121.25,1.0,132.03,1.0,121.0,1.0,132.06,1.0,120.95,1.0,132.24,1.0
201,Germany_Baseload#19#0#10000106,2021-10-13 06:46:54.269000,124.01,1.0,124.9,5.0,124.0,1.0,125.0,1.0,123.4,1.0,125.9,1.0,123.0,1.0,126.0,6.0,122.0,1.0,130.0,2.0,121.4,5.0,131.0,2.0,121.25,1.0,132.0,1.0,121.0,1.0,132.03,1.0,120.95,1.0,132.06,1.0,119.0,1.0,132.24,1.0
202,Germany_Baseload#19#0#10000106,2021-10-13 06:46:58.480000,124.01,1.0,124.9,5.0,124.0,1.0,124.95,1.0,123.4,1.0,125.0,2.0,123.0,1.0,125.9,1.0,122.0,1.0,126.0,6.0,121.4,5.0,130.0,2.0,121.25,1.0,131.0,2.0,121.0,1.0,132.0,1.0,120.95,1.0,132.03,1.0,119.0,1.0,132.06,1.0
203,Germany_Baseload#19#0#10000106,2021-10-13 06:47:06.622000,124.01,1.0,124.9,5.0,124.0,1.0,124.95,1.0,123.4,1.0,125.0,2.0,123.0,1.0,125.9,1.0,122.0,1.0,126.0,6.0,121.4,5.0,130.0,2.0,121.25,1.0,131.0,2.0,121.0,1.0,132.0,1.0,120.95,1.0,132.03,1.0,119.0,1.0,132.06,1.0
204,Germany_Baseload#19#0#10000106,2021-10-13 06:47:08.821000,124.01,1.0,124.9,5.0,124.0,1.0,124.95,1.0,123.4,1.0,125.0,2.0,123.0,1.0,125.9,1.0,122.0,1.0,126.0,6.0,121.4,5.0,130.0,2.0,121.25,1.0,131.0,2.0,121.0,1.0,132.0,1.0,120.95,1.0,132.03,1.0,119.0,1.0,132.06,1.0
205,Germany_Baseload#19#0#10000106,2021-10-13 06:47:13.867000,124.01,1.0,124.9,5.0,124.0,1.0,124.95,1.0,123.5,1.0,125.0,2.0,123.4,1.0,125.9,1.0,123.0,1.0,126.0,6.0,122.0,1.0,130.0,2.0,121.4,5.0,131.0,2.0,121.25,1.0,132.0,1.0,121.0,1.0,132.03,1.0,120.95,1.0,132.06,1.0
206,Germany_Baseload#19#0#10000106,2021-10-13 06:47:17.751000,124.01,1.0,124.5,1.0,124.0,1.0,124.9,5.0,123.5,1.0,124.95,1.0,123.4,1.0,125.0,2.0,123.0,1.0,125.9,1.0,122.0,1.0,126.0,6.0,121.4,5.0,130.0,2.0,121.25,1.0,131.0,2.0,121.0,1.0,132.0,1.0,120.95,1.0,132.03,1.0
207,Germany_Baseload#19#0#10000106,2021-10-13 06:47:21.585000,124.01,1.0,124.5,1.0,124.0,1.0,124.9,5.0,123.5,1.0,124.95,1.0,123.4,1.0,125.0,2.0,123.0,1.0,125.9,1.0,122.0,1.0,126.0,6.0,121.4,5.0,130.0,2.0,121.25,1.0,131.0,2.0,121.0,1.0,132.0,1.0,120.95,1.0,132.03,1.0
208,Germany_Baseload#19#0#10000106,2021-10-13 06:47:22.028000,124.01,1.0,124.5,1.0,124.0,1.0,124.9,5.0,123.4,1.0,124.95,1.0,123.0,1.0,125.0,2.0,122.0,1.0,125.9,1.0,121.4,5.0,126.0,6.0,121.25,1.0,130.0,2.0,121.0,1.0,131.0,2.0,120.95,1.0,132.0,1.0,119.0,1.0,132.03,1.0
209,Germany_Baseload#19#0#10000106,2021-10-13 06:47:22.057000,124.01,1.0,124.5,1.0,124.0,1.0,124.9,5.0,123.75,1.0,124.95,1.0,123.4,1.0,125.0,2.0,123.0,1.0,125.9,1.0,122.0,1.0,126.0,6.0,121.4,5.0,130.0,2.0,121.25,1.0,131.0,2.0,121.0,1.0,132.0,1.0,120.95,1.0,132.03,1.0
210,Germany_Baseload#19#0#10000106,2021-10-13 06:47:35.510000,124.01,1.0,124.5,1.0,124.0,1.0,124.9,5.0,123.75,1.0,124.95,1.0,123.4,1.0,125.0,2.0,123.0,1.0,125.9,1.0,122.0,1.0,126.0,6.0,121.4,5.0,130.0,1.0,121.25,1.0,131.0,2.0,121.0,1.0,132.0,2.0,120.95,1.0,132.03,1.0
211,Germany_Baseload#19#0#10000106,2021-10-13 06:47:57.043000,124.1,1.0,124.5,1.0,124.01,1.0,124.9,5.0,124.0,1.0,124.95,1.0,123.75,1.0,125.0,2.0,123.4,1.0,125.9,1.0,123.0,1.0,126.0,6.0,122.0,1.0,130.0,1.0,121.4,5.0,131.0,2.0,121.25,1.0,132.0,2.0,121.0,1.0,132.03,1.0
212,Germany_Baseload#19#0#10000106,2021-10-13 06:48:14.913000,124.1,2.0,124.5,1.0,124.01,1.0,124.9,5.0,124.0,1.0,124.95,1.0,123.75,1.0,125.0,2.0,123.4,1.0,125.9,1.0,123.0,1.0,126.0,6.0,122.0,1.0,130.0,1.0,121.4,5.0,131.0,2.0,121.25,1.0,132.0,2.0,121.0,1.0,132.03,1.0
213,Germany_Baseload#19#0#10000106,2021-10-13 06:48:19.719000,124.1,2.0,124.5,1.0,124.01,1.0,124.9,5.0,124.0,1.0,124.95,1.0,123.75,1.0,125.0,2.0,123.4,1.0,125.9,1.0,123.0,1.0,126.0,6.0,122.0,1.0,130.0,1.0,121.4,5.0,131.0,2.0,121.25,1.0,132.0,2.0,121.0,1.0,132.03,1.0
214,Germany_Baseload#19#0#10000106,2021-10-13 06:48:28.023000,124.1,2.0,124.5,1.0,124.01,1.0,124.9,5.0,124.0,1.0,124.95,1.0,123.4,1.0,125.0,2.0,123.0,1.0,125.9,1.0,122.0,1.0,126.0,6.0,121.4,5.0,130.0,1.0,121.25,1.0,131.0,2.0,121.0,1.0,132.0,2.0,120.95,1.0,132.03,1.0
215,Germany_Baseload#19#0#10000106,2021-10-13 06:48:28.054000,124.1,2.0,124.5,1.0,124.05,1.0,124.9,5.0,124.01,1.0,124.95,1.0,124.0,1.0,125.0,2.0,123.4,1.0,125.9,1.0,123.0,1.0,126.0,6.0,122.0,1.0,130.0,1.0,121.4,5.0,131.0,2.0,121.25,1.0,132.0,2.0,121.0,1.0,132.03,1.0
216,Germany_Baseload#19#0#10000106,2021-10-13 06:48:29.579000,124.1,2.0,124.5,1.0,124.06,1.0,124.9,5.0,124.05,1.0,124.95,1.0,124.0,1.0,125.0,2.0,123.4,1.0,125.9,1.0,123.0,1.0,126.0,6.0,122.0,1.0,130.0,1.0,121.4,5.0,131.0,2.0,121.25,1.0,132.0,2.0,121.0,1.0,132.03,1.0
217,Germany_Baseload#19#0#10000106,2021-10-13 06:49:04.921000,124.1,2.0,124.5,1.0,124.06,1.0,124.9,5.0,124.05,1.0,124.95,1.0,124.0,1.0,125.0,2.0,123.4,1.0,125.9,1.0,123.0,1.0,126.0,6.0,122.0,1.0,130.0,1.0,121.25,1.0,131.0,2.0,121.0,1.0,132.0,2.0,120.95,1.0,132.03,1.0
218,Germany_Baseload#19#0#10000106,2021-10-13 06:49:05.272000,124.1,2.0,124.5,1.0,124.06,1.0,124.9,5.0,124.05,1.0,124.95,1.0,124.0,1.0,125.0,2.0,123.4,1.0,125.9,1.0,123.0,1.0,126.0,6.0,122.0,1.0,130.0,1.0,121.4,5.0,131.0,2.0,121.25,1.0,132.0,2.0,121.0,1.0,132.03,1.0
219,Germany_Baseload#19#0#10000106,2021-10-13 06:49:08.792000,124.1,2.0,124.9,5.0,124.06,1.0,124.95,1.0,124.05,1.0,125.0,2.0,124.0,1.0,125.9,1.0,123.4,1.0,126.0,6.0,123.0,1.0,130.0,1.0,122.0,1.0,131.0,2.0,121.4,5.0,132.0,2.0,121.25,1.0,132.03,1.0,121.0,1.0,132.06,1.0
220,Germany_Baseload#19#0#10000106,2021-10-13 06:49:09.000000,124.1,1.0,124.9,5.0,124.06,1.0,124.95,1.0,124.05,1.0,125.0,2.0,123.4,1.0,125.9,1.0,123.0,1.0,126.0,6.0,122.0,1.0,130.0,1.0,121.4,5.0,131.0,2.0,121.25,1.0,132.0,2.0,121.0,1.0,132.03,1.0,120.95,1.0,132.06,1.0
221,Germany_Baseload#19#0#10000106,2021-10-13 06:49:09.087000,124.11,1.0,124.9,5.0,124.1,1.0,124.95,1.0,124.05,1.0,125.0,2.0,123.4,1.0,125.9,1.0,123.0,1.0,126.0,6.0,122.0,1.0,130.0,1.0,121.4,5.0,131.0,2.0,121.25,1.0,132.0,2.0,121.0,1.0,132.03,1.0,120.95,1.0,132.06,1.0
222,Germany_Baseload#19#0#10000106,2021-10-13 06:49:13.333000,124.11,1.0,124.9,5.0,124.1,1.0,124.95,1.0,124.05,1.0,125.0,2.0,123.4,1.0,125.9,1.0,123.0,1.0,126.0,6.0,122.0,1.0,130.0,1.0,121.25,1.0,131.0,2.0,121.0,1.0,132.0,2.0,120.95,1.0,132.03,1.0,119.0,1.0,132.06,1.0
223,Germany_Baseload#19#0#10000106,2021-10-13 06:49:13.544000,124.11,1.0,124.9,5.0,124.1,1.0,124.95,1.0,124.05,1.0,125.0,2.0,123.4,1.0,125.9,1.0,123.0,1.0,126.0,6.0,122.0,1.0,130.0,1.0,121.4,5.0,131.0,2.0,121.25,1.0,132.0,2.0,121.0,1.0,132.03,1.0,120.95,1.0,132.06,1.0
224,Germany_Baseload#19#0#10000106,2021-10-13 06:49:15.452000,124.11,1.0,124.75,5.0,124.1,1.0,124.95,1.0,124.05,1.0,125.0,2.0,123.4,1.0,125.9,1.0,123.0,1.0,126.0,6.0,122.0,1.0,130.0,1.0,121.4,5.0,131.0,2.0,121.25,1.0,132.0,2.0,121.0,1.0,132.03,1.0,120.95,1.0,132.06,1.0
225,Germany_Baseload#19#0#10000106,2021-10-13 06:49:16.443000,124.11,1.0,124.75,5.0,124.1,1.0,124.95,1.0,124.05,1.0,125.0,2.0,123.4,1.0,125.9,1.0,123.0,1.0,126.0,6.0,122.0,1.0,130.0,1.0,121.25,1.0,131.0,2.0,121.0,1.0,132.0,2.0,120.95,1.0,132.03,1.0,119.0,1.0,132.06,1.0
226,Germany_Baseload#19#0#10000106,2021-10-13 06:49:16.629000,124.11,1.0,124.75,5.0,124.1,1.0,124.95,1.0,124.05,1.0,125.0,2.0,123.4,1.0,125.9,1.0,123.0,1.0,126.0,6.0,122.0,1.0,130.0,1.0,121.4,5.0,131.0,2.0,121.25,1.0,132.0,2.0,121.0,1.0,132.03,1.0,120.95,1.0,132.06,1.0
227,Germany_Baseload#19#0#10000106,2021-10-13 06:49:27.283000,124.25,1.0,124.75,5.0,124.11,1.0,124.95,1.0,124.1,2.0,125.0,2.0,124.05,1.0,125.9,1.0,123.4,1.0,126.0,6.0,123.0,1.0,130.0,1.0,122.0,1.0,131.0,2.0,121.4,5.0,132.0,2.0,121.25,1.0,132.03,1.0,121.0,1.0,132.06,1.0
228,Germany_Baseload#19#0#10000106,2021-10-13 06:49:27.376000,124.26,1.0,124.75,5.0,124.25,1.0,124.95,1.0,124.1,2.0,125.0,2.0,124.05,1.0,125.9,1.0,123.4,1.0,126.0,6.0,123.0,1.0,130.0,1.0,122.0,1.0,131.0,2.0,121.4,5.0,132.0,2.0,121.25,1.0,132.03,1.0,121.0,1.0,132.06,1.0
229,Germany_Baseload#19#0#10000106,2021-10-13 06:49:34.334000,124.26,1.0,124.75,4.0,124.25,1.0,124.95,1.0,124.1,2.0,125.0,2.0,124.05,1.0,125.9,1.0,123.4,1.0,126.0,6.0,123.0,1.0,130.0,1.0,122.0,1.0,131.0,2.0,121.4,5.0,132.0,2.0,121.25,1.0,132.03,1.0,121.0,1.0,132.06,1.0
230,Germany_Baseload#19#0#10000106,2021-10-13 06:49:36.287000,124.26,1.0,124.75,3.0,124.25,1.0,124.95,1.0,124.1,2.0,125.0,2.0,124.05,1.0,125.9,1.0,123.4,1.0,126.0,6.0,123.0,1.0,130.0,1.0,122.0,1.0,131.0,2.0,121.4,5.0,132.0,2.0,121.25,1.0,132.03,1.0,121.0,1.0,132.06,1.0
231,Germany_Baseload#19#0#10000106,2021-10-13 06:49:39.929000,124.26,1.0,124.75,4.0,124.25,1.0,124.95,1.0,124.1,2.0,125.0,2.0,124.05,1.0,125.9,1.0,123.4,1.0,126.0,6.0,123.0,1.0,130.0,1.0,122.0,1.0,131.0,2.0,121.4,5.0,132.0,2.0,121.25,1.0,132.03,1.0,121.0,1.0,132.06,1.0
232,Germany_Baseload#19#0#10000106,2021-10-13 06:49:43.862000,124.26,1.0,124.75,4.0,124.25,1.0,124.95,1.0,124.1,2.0,125.0,2.0,124.05,1.0,125.6,1.0,123.4,1.0,126.0,6.0,123.0,1.0,130.0,1.0,122.0,1.0,131.0,2.0,121.4,5.0,132.0,2.0,121.25,1.0,132.03,1.0,121.0,1.0,132.06,1.0
233,Germany_Baseload#19#0#10000106,2021-10-13 06:49:51.291000,124.26,1.0,124.75,2.0,124.25,1.0,124.95,1.0,124.1,2.0,125.0,2.0,124.05,1.0,125.6,1.0,123.4,1.0,126.0,6.0,123.0,1.0,130.0,1.0,122.0,1.0,131.0,2.0,121.4,5.0,132.0,2.0,121.25,1.0,132.03,1.0,121.0,1.0,132.06,1.0
234,Germany_Baseload#19#0#10000106,2021-10-13 06:49:55.222000,124.5,1.0,124.75,2.0,124.26,1.0,124.95,1.0,124.25,1.0,125.0,2.0,124.1,1.0,125.6,1.0,124.05,1.0,126.0,6.0,123.4,1.0,130.0,1.0,123.0,1.0,131.0,2.0,122.0,1.0,132.0,2.0,121.4,5.0,132.03,1.0,121.25,1.0,132.06,1.0
235,Germany_Baseload#19#0#10000106,2021-10-13 06:49:55.380000,124.5,1.0,124.95,1.0,124.26,1.0,125.0,2.0,124.25,1.0,125.6,1.0,124.1,1.0,126.0,6.0,124.05,1.0,130.0,1.0,123.4,1.0,131.0,2.0,123.0,1.0,132.0,2.0,122.0,1.0,132.03,1.0,121.4,5.0,132.06,1.0,121.25,1.0,132.24,1.0
236,Germany_Baseload#19#0#10000106,2021-10-13 06:49:55.441000,124.75,1.0,124.95,1.0,124.5,1.0,125.0,2.0,124.26,1.0,125.6,1.0,124.1,1.0,126.0,6.0,124.05,1.0,130.0,1.0,123.4,1.0,131.0,2.0,123.0,1.0,132.0,2.0,122.0,1.0,132.03,1.0,121.4,5.0,132.06,1.0,121.25,1.0,132.24,1.0
237,Germany_Baseload#19#0#10000106,2021-10-13 06:49:55.683000,124.76,1.0,124.95,1.0,124.75,1.0,125.0,2.0,124.5,1.0,125.6,1.0,124.1,1.0,126.0,6.0,124.05,1.0,130.0,1.0,123.4,1.0,131.0,2.0,123.0,1.0,132.0,2.0,122.0,1.0,132.03,1.0,121.4,5.0,132.06,1.0,121.25,1.0,132.24,1.0
238,Germany_Baseload#19#0#10000106,2021-10-13 06:49:58.221000,124.76,1.0,124.95,1.0,124.75,1.0,125.0,2.0,124.5,1.0,125.95,1.0,124.25,1.0,126.0,6.0,124.1,1.0,130.0,1.0,124.05,1.0,131.0,2.0,123.4,1.0,132.0,2.0,122.0,1.0,132.03,1.0,121.4,5.0,132.06,1.0,121.25,1.0,132.24,1.0
239,Germany_Baseload#19#0#10000106,2021-10-13 06:49:58.581000,124.76,1.0,124.95,1.0,124.75,1.0,125.0,2.0,124.5,1.0,126.0,6.0,124.1,1.0,130.0,1.0,124.05,1.0,131.0,2.0,123.4,1.0,132.0,2.0,123.0,1.0,132.03,1.0,122.0,1.0,132.06,1.0,121.4,5.0,132.24,1.0,121.25,1.0,,
240,Germany_Baseload#19#0#10000106,2021-10-13 06:49:58.619000,124.76,1.0,124.95,1.0,124.75,1.0,125.0,2.0,124.5,1.0,126.0,6.0,124.1,1.0,130.0,1.0,124.05,1.0,131.0,2.0,123.4,1.0,132.0,2.0,123.0,1.0,132.03,1.0,122.0,1.0,132.06,1.0,121.4,5.0,132.24,1.0,121.25,1.0,,
241,Germany_Baseload#19#0#10000106,2021-10-13 06:49:58.671000,124.76,1.0,124.95,1.0,124.75,1.0,125.0,2.0,124.5,1.0,125.95,1.0,124.1,1.0,126.0,6.0,124.05,1.0,130.0,1.0,123.4,1.0,131.0,2.0,123.0,1.0,132.0,2.0,122.0,1.0,132.03,1.0,121.4,5.0,132.06,1.0,121.25,1.0,132.24,1.0
242,Germany_Baseload#19#0#10000106,2021-10-13 06:50:01.260000,124.76,1.0,125.0,2.0,124.75,1.0,125.95,1.0,124.5,1.0,126.0,6.0,124.25,1.0,130.0,1.0,124.1,1.0,131.0,2.0,124.05,1.0,132.0,2.0,123.4,1.0,132.03,1.0,122.0,1.0,132.06,1.0,121.4,5.0,132.24,1.0,121.25,1.0,,
243,Germany_Baseload#19#0#10000106,2021-10-13 06:50:05.646000,124.76,1.0,125.0,1.0,124.75,1.0,125.8,1.0,124.5,1.0,125.95,1.0,124.25,1.0,126.0,6.0,124.1,1.0,130.0,1.0,124.05,1.0,131.0,2.0,123.4,1.0,132.0,2.0,122.0,1.0,132.03,1.0,121.4,5.0,132.06,1.0,121.25,1.0,132.24,1.0
244,Germany_Baseload#19#0#10000106,2021-10-13 06:50:05.736000,124.76,1.0,125.0,1.0,124.75,1.0,125.8,2.0,124.5,1.0,126.0,6.0,124.25,1.0,130.0,1.0,124.1,1.0,131.0,2.0,124.05,1.0,132.0,2.0,123.4,1.0,132.03,1.0,122.0,1.0,132.06,1.0,121.4,5.0,132.24,1.0,121.25,1.0,,
245,Germany_Baseload#19#0#10000106,2021-10-13 06:50:10.387000,124.76,1.0,125.0,1.0,124.75,1.0,125.8,2.0,124.25,1.0,126.0,6.0,124.1,1.0,130.0,1.0,124.05,1.0,131.0,2.0,123.4,1.0,132.0,2.0,122.0,1.0,132.03,1.0,121.4,5.0,132.06,1.0,121.25,1.0,132.24,1.0,121.0,1.0,,
246,Germany_Baseload#19#0#10000106,2021-10-13 06:50:16.146000,124.76,1.0,125.8,2.0,124.75,1.0,126.0,6.0,124.25,1.0,130.0,1.0,124.1,1.0,131.0,2.0,124.05,1.0,132.0,2.0,123.4,1.0,132.03,1.0,122.0,1.0,132.06,1.0,121.4,5.0,132.24,1.0,121.25,1.0,,,121.0,1.0,,
247,Germany_Baseload#19#0#10000106,2021-10-13 06:50:16.936000,124.76,1.0,125.8,2.0,124.75,1.0,126.0,6.0,124.25,1.0,130.0,1.0,124.1,1.0,131.0,2.0,124.05,1.0,132.0,2.0,123.4,1.0,132.03,1.0,122.0,1.0,132.06,1.0,121.25,1.0,132.24,1.0,121.0,1.0,,,120.95,1.0,,
248,Germany_Baseload#19#0#10000106,2021-10-13 06:50:17.123000,124.76,1.0,125.8,2.0,124.75,1.0,126.0,6.0,124.25,1.0,130.0,1.0,124.1,1.0,131.0,2.0,124.05,1.0,132.0,2.0,123.4,1.0,132.03,1.0,122.0,1.0,132.06,1.0,121.4,5.0,132.24,1.0,121.25,1.0,,,121.0,1.0,,
249,Germany_Baseload#19#0#10000106,2021-10-13 06:50:18.275000,124.85,1.0,125.0,2.0,124.25,1.0,125.75,2.0,124.05,1.0,126.0,6.0,123.4,1.0,130.0,1.0,122.0,1.0,131.0,2.0,121.4,5.0,132.0,2.0,121.25,1.0,132.03,1.0,121.0,1.0,132.06,1.0,120.95,1.0,132.24,1.0,119.0,1.0,,
250,Germany_Baseload#19#0#10000106,2021-10-13 06:50:18.750000,124.76,1.0,125.0,2.0,124.75,1.0,125.8,1.0,124.25,1.0,126.0,6.0,124.1,1.0,130.0,1.0,124.05,1.0,131.0,2.0,123.4,1.0,132.0,2.0,122.0,1.0,132.03,1.0,121.4,5.0,132.06,1.0,121.25,1.0,132.24,1.0,121.0,1.0,,
251,Germany_Baseload#19#0#10000106,2021-10-13 06:50:18.871000,124.76,1.0,125.0,2.0,124.75,1.0,125.95,1.0,124.25,1.0,126.0,6.0,124.1,1.0,130.0,1.0,124.05,1.0,131.0,2.0,123.4,1.0,132.0,2.0,122.0,1.0,132.03,1.0,121.4,5.0,132.06,1.0,121.25,1.0,132.24,1.0,121.0,1.0,,
252,Germany_Baseload#19#0#10000106,2021-10-13 06:50:21.436000,124.76,1.0,125.0,1.0,124.75,1.0,125.95,1.0,124.25,1.0,126.0,6.0,124.1,1.0,130.0,1.0,124.05,1.0,131.0,2.0,123.4,1.0,132.0,2.0,122.0,1.0,132.03,1.0,121.4,5.0,132.06,1.0,121.25,1.0,132.24,1.0,121.0,1.0,,
253,Germany_Baseload#19#0#10000106,2021-10-13 06:50:21.533000,124.76,1.0,125.0,3.0,124.75,1.0,126.0,6.0,124.25,1.0,130.0,1.0,124.1,1.0,131.0,2.0,124.05,1.0,132.0,2.0,123.4,1.0,132.03,1.0,122.0,1.0,132.06,1.0,121.4,5.0,132.24,1.0,121.25,1.0,,,121.0,1.0,,
254,Germany_Baseload#19#0#10000106,2021-10-13 06:50:25.837000,124.76,1.0,125.0,3.0,124.75,1.0,125.75,1.0,124.25,1.0,126.0,6.0,124.1,1.0,130.0,1.0,124.05,1.0,131.0,2.0,123.4,1.0,132.0,2.0,122.0,1.0,132.03,1.0,121.4,5.0,132.06,1.0,121.25,1.0,132.24,1.0,121.0,1.0,,
255,Germany_Baseload#19#0#10000106,2021-10-13 06:50:26.118000,124.76,1.0,125.0,2.0,124.75,1.0,125.75,1.0,124.25,1.0,126.0,6.0,124.1,1.0,130.0,1.0,124.05,1.0,131.0,2.0,123.4,1.0,132.0,2.0,122.0,1.0,132.03,1.0,121.4,5.0,132.06,1.0,121.25,1.0,132.24,1.0,121.0,1.0,,
256,Germany_Baseload#19#0#10000106,2021-10-13 06:50:26.217000,124.76,1.0,125.0,2.0,124.75,1.0,125.75,2.0,124.25,1.0,126.0,6.0,124.1,1.0,130.0,1.0,124.05,1.0,131.0,2.0,123.4,1.0,132.0,2.0,122.0,1.0,132.03,1.0,121.4,5.0,132.06,1.0,121.25,1.0,132.24,1.0,121.0,1.0,,
257,Germany_Baseload#19#0#10000106,2021-10-13 06:50:27.022000,124.76,1.0,125.0,2.0,124.75,1.0,125.75,2.0,124.25,1.0,126.0,6.0,124.1,1.0,130.0,1.0,124.05,1.0,131.0,2.0,123.4,1.0,132.0,2.0,122.0,1.0,132.03,1.0,121.25,1.0,132.06,1.0,121.0,1.0,132.24,1.0,120.95,1.0,,
258,Germany_Baseload#19#0#10000106,2021-10-13 06:50:28.598000,124.76,1.0,125.0,2.0,124.75,1.0,125.75,2.0,124.25,1.0,126.0,6.0,124.1,1.0,130.0,1.0,124.05,1.0,131.0,2.0,123.4,1.0,132.0,2.0,122.0,1.0,132.03,1.0,121.4,5.0,132.06,1.0,121.25,1.0,132.24,1.0,121.0,1.0,,
259,Germany_Baseload#19#0#10000106,2021-10-13 06:50:30.491000,124.76,1.0,125.0,2.0,124.75,1.0,125.75,2.0,124.25,1.0,126.0,6.0,124.1,1.0,130.0,1.0,124.05,1.0,131.0,2.0,123.4,1.0,132.0,2.0,122.0,1.0,132.03,1.0,121.25,1.0,132.06,1.0,121.0,1.0,132.24,1.0,120.95,1.0,,
260,Germany_Baseload#19#0#10000106,2021-10-13 06:50:30.654000,124.76,1.0,125.0,2.0,124.75,1.0,125.75,2.0,124.25,1.0,126.0,6.0,124.1,1.0,130.0,1.0,124.05,1.0,131.0,2.0,123.4,1.0,132.0,2.0,122.0,1.0,132.03,1.0,121.4,5.0,132.06,1.0,121.25,1.0,132.24,1.0,121.0,1.0,,
261,Germany_Baseload#19#0#10000106,2021-10-13 06:50:33.716000,124.76,1.0,125.0,2.0,124.25,1.0,125.75,2.0,124.1,1.0,126.0,6.0,124.05,1.0,130.0,1.0,123.4,1.0,131.0,2.0,122.0,1.0,132.0,2.0,121.4,5.0,132.03,1.0,121.25,1.0,132.06,1.0,121.0,1.0,132.24,1.0,120.95,1.0,,
262,Germany_Baseload#19#0#10000106,2021-10-13 06:50:36.338000,124.76,1.0,125.0,1.0,124.25,1.0,125.75,2.0,124.1,1.0,126.0,6.0,124.05,1.0,130.0,1.0,123.4,1.0,131.0,2.0,122.0,1.0,132.0,2.0,121.4,5.0,132.03,1.0,121.25,1.0,132.06,1.0,121.0,1.0,132.24,1.0,120.95,1.0,,
263,Germany_Baseload#19#0#10000106,2021-10-13 06:50:42.705000,124.76,1.0,125.0,1.0,124.25,1.0,125.75,2.0,124.1,1.0,126.0,6.0,124.05,1.0,130.0,1.0,123.4,1.0,131.0,2.0,122.0,1.0,132.0,2.0,121.25,1.0,132.03,1.0,121.0,1.0,132.06,1.0,120.95,1.0,132.24,1.0,119.0,1.0,,
264,Germany_Baseload#19#0#10000106,2021-10-13 06:50:43.099000,124.76,1.0,125.0,1.0,124.25,1.0,125.75,2.0,124.1,1.0,126.0,6.0,124.05,1.0,130.0,1.0,123.4,1.0,131.0,2.0,122.0,1.0,132.0,2.0,121.4,5.0,132.03,1.0,121.25,1.0,132.06,1.0,121.0,1.0,132.24,1.0,120.95,1.0,,
265,Germany_Baseload#19#0#10000106,2021-10-13 06:50:48.148000,124.76,1.0,125.0,1.0,124.25,1.0,125.75,2.0,124.1,1.0,126.0,6.0,124.05,1.0,130.0,1.0,123.4,1.0,131.0,2.0,122.0,1.0,132.0,2.0,121.25,1.0,132.03,1.0,121.2,5.0,132.06,1.0,121.0,1.0,132.24,1.0,120.95,1.0,,
266,Germany_Baseload#19#0#10000106,2021-10-13 06:50:56.567000,124.76,1.0,125.0,1.0,124.25,1.0,125.75,2.0,124.1,1.0,126.0,6.0,124.05,1.0,130.0,1.0,123.4,1.0,131.0,2.0,122.0,1.0,132.0,2.0,121.25,1.0,132.03,1.0,121.0,1.0,132.06,1.0,120.95,1.0,132.24,1.0,119.0,1.0,,
267,Germany_Baseload#19#0#10000106,2021-10-13 06:50:56.767000,124.76,1.0,125.0,1.0,124.25,1.0,125.75,2.0,124.1,1.0,126.0,6.0,124.05,1.0,130.0,1.0,123.4,1.0,131.0,2.0,122.0,1.0,132.0,2.0,121.25,1.0,132.03,1.0,121.2,5.0,132.06,1.0,121.0,1.0,132.24,1.0,120.95,1.0,,
268,Germany_Baseload#19#0#10000106,2021-10-13 06:50:56.972000,124.76,1.0,125.0,1.0,124.25,1.0,125.75,2.0,124.1,1.0,126.0,6.0,124.05,1.0,130.0,1.0,123.4,1.0,131.0,2.0,122.0,1.0,132.0,2.0,121.4,5.0,132.03,1.0,121.25,1.0,132.06,1.0,121.0,1.0,132.24,1.0,120.95,1.0,,
269,Germany_Baseload#19#0#10000106,2021-10-13 06:50:57.793000,124.76,1.0,125.0,1.0,124.25,1.0,125.75,2.0,124.1,1.0,126.0,6.0,124.05,1.0,130.0,1.0,123.4,1.0,131.0,2.0,122.0,1.0,132.0,2.0,121.25,1.0,132.03,1.0,121.0,1.0,132.06,1.0,120.95,1.0,132.24,1.0,119.0,1.0,,
270,Germany_Baseload#19#0#10000106,2021-10-13 06:50:57.936000,124.76,1.0,125.0,1.0,124.25,1.0,125.75,2.0,124.1,1.0,126.0,6.0,124.05,1.0,130.0,1.0,123.4,1.0,131.0,2.0,122.0,1.0,132.0,2.0,121.4,5.0,132.03,1.0,121.25,1.0,132.06,1.0,121.0,1.0,132.24,1.0,120.95,1.0,,
271,Germany_Baseload#19#0#10000106,2021-10-13 06:51:02.284000,124.76,1.0,125.0,1.0,124.25,1.0,125.75,2.0,124.05,1.0,126.0,6.0,123.4,1.0,130.0,1.0,122.0,1.0,131.0,2.0,121.4,5.0,132.0,2.0,121.25,1.0,132.03,1.0,121.0,1.0,132.06,1.0,120.95,1.0,132.24,1.0,119.0,1.0,,
272,Germany_Baseload#19#0#10000106,2021-10-13 06:51:13.712000,124.85,1.0,125.0,1.0,124.76,1.0,125.75,2.0,124.25,1.0,126.0,6.0,124.05,1.0,130.0,1.0,123.4,1.0,131.0,2.0,122.0,1.0,132.0,2.0,121.4,5.0,132.03,1.0,121.25,1.0,132.06,1.0,121.0,1.0,132.24,1.0,120.95,1.0,,
273,Germany_Baseload#19#0#10000106,2021-10-13 06:51:18.947000,125.0,1.0,125.0,1.0,124.85,1.0,125.75,2.0,124.76,1.0,126.0,6.0,124.25,1.0,130.0,1.0,124.05,1.0,131.0,2.0,123.4,1.0,132.0,2.0,122.0,1.0,132.03,1.0,121.4,5.0,132.06,1.0,121.25,1.0,132.24,1.0,121.0,1.0,,
274,Germany_Baseload#19#0#10000106,2021-10-13 06:51:19.033000,125.01,1.0,125.0,1.0,125.0,1.0,125.75,2.0,124.85,1.0,126.0,6.0,124.25,1.0,130.0,1.0,124.05,1.0,131.0,2.0,123.4,1.0,132.0,2.0,122.0,1.0,132.03,1.0,121.4,5.0,132.06,1.0,121.25,1.0,132.24,1.0,121.0,1.0,,
275,Germany_Baseload#19#0#10000106,2021-10-13 06:51:19.077000,125.0,1.0,125.0,1.0,124.85,1.0,125.75,2.0,124.25,1.0,126.0,6.0,124.05,1.0,130.0,1.0,123.4,1.0,131.0,2.0,122.0,1.0,132.0,2.0,121.4,5.0,132.03,1.0,121.25,1.0,132.06,1.0,121.0,1.0,132.24,1.0,120.95,1.0,,
276,Germany_Baseload#19#0#10000106,2021-10-13 06:51:20.714000,124.85,1.0,125.0,1.0,124.25,1.0,125.75,2.0,124.05,1.0,126.0,6.0,123.4,1.0,130.0,1.0,122.0,1.0,131.0,2.0,121.4,5.0,132.0,2.0,121.25,1.0,132.03,1.0,121.0,1.0,132.06,1.0,120.95,1.0,132.24,1.0,119.0,1.0,,
277,Germany_Baseload#19#0#10000106,2021-10-13 06:51:26.697000,124.85,1.0,125.0,1.0,124.25,1.0,125.75,2.0,124.05,1.0,126.0,6.0,123.4,1.0,130.0,1.0,122.0,1.0,131.0,2.0,121.4,5.0,132.0,2.0,121.25,1.0,132.03,1.0,121.0,1.0,132.06,1.0,120.95,1.0,132.24,1.0,119.0,1.0,,
278,Germany_Baseload#19#0#10000106,2021-10-13 06:51:26.728000,124.85,1.0,125.0,3.0,124.25,1.0,125.75,2.0,124.05,1.0,126.0,6.0,123.4,1.0,130.0,1.0,122.0,1.0,131.0,2.0,121.4,5.0,132.0,2.0,121.25,1.0,132.03,1.0,121.0,1.0,132.06,1.0,120.95,1.0,132.24,1.0,119.0,1.0,,
279,Germany_Baseload#19#0#10000106,2021-10-13 06:51:27.634000,124.85,1.0,125.0,3.0,124.25,1.0,125.75,2.0,124.05,1.0,126.0,6.0,123.4,1.0,130.0,1.0,122.0,1.0,131.0,2.0,121.4,5.0,132.0,2.0,121.25,1.0,132.03,1.0,121.0,1.0,132.06,1.0,120.95,1.0,132.24,1.0,119.0,1.0,,
280,Germany_Baseload#19#0#10000106,2021-10-13 06:51:28.634000,124.25,1.0,125.0,3.0,124.05,1.0,125.75,2.0,123.4,1.0,126.0,6.0,122.0,1.0,130.0,1.0,121.4,5.0,131.0,2.0,121.25,1.0,132.0,2.0,121.0,1.0,132.03,1.0,120.95,1.0,132.06,1.0,119.0,1.0,132.24,1.0,118.65,1.0,,
281,Germany_Baseload#19#0#10000106,2021-10-13 06:51:29.665000,124.25,1.0,125.0,1.0,124.05,1.0,125.75,2.0,123.4,1.0,126.0,6.0,122.0,1.0,130.0,1.0,121.4,5.0,131.0,2.0,121.25,1.0,132.0,2.0,121.0,1.0,132.03,1.0,120.95,1.0,132.06,1.0,119.0,1.0,132.24,1.0,118.65,1.0,,
282,Germany_Baseload#19#0#10000106,2021-10-13 06:51:29.784000,124.25,1.0,125.0,1.0,124.05,1.0,125.75,2.0,123.4,1.0,126.0,6.0,122.0,1.0,127.0,1.0,121.4,5.0,130.0,1.0,121.25,1.0,131.0,2.0,121.0,1.0,132.0,2.0,120.95,1.0,132.03,1.0,119.0,1.0,132.06,1.0,118.65,1.0,132.24,1.0
283,Germany_Baseload#19#0#10000106,2021-10-13 06:51:34.900000,124.25,1.0,125.0,1.0,124.05,1.0,125.75,2.0,123.4,1.0,126.0,6.0,122.0,1.0,127.0,1.0,121.4,5.0,130.0,1.0,121.25,1.0,131.0,2.0,121.0,1.0,132.0,2.0,120.95,1.0,132.03,1.0,119.0,1.0,132.06,1.0,118.65,1.0,132.24,1.0
284,Germany_Baseload#19#0#10000106,2021-10-13 06:51:35.188000,124.25,1.0,125.0,1.0,124.05,1.0,125.3,1.0,123.4,1.0,125.75,2.0,122.0,1.0,126.0,6.0,121.4,5.0,127.0,1.0,121.25,1.0,130.0,1.0,121.0,1.0,131.0,2.0,120.95,1.0,132.0,2.0,119.0,1.0,132.03,1.0,118.65,1.0,132.06,1.0
285,Germany_Baseload#19#0#10000106,2021-10-13 06:51:35.440000,124.25,1.0,125.0,1.0,124.05,1.0,125.75,2.0,123.4,1.0,125.9,1.0,122.0,1.0,126.0,6.0,121.4,5.0,127.0,1.0,121.25,1.0,130.0,1.0,121.0,1.0,131.0,2.0,120.95,1.0,132.0,2.0,119.0,1.0,132.03,1.0,118.65,1.0,132.06,1.0
286,Germany_Baseload#19#0#10000106,2021-10-13 06:51:36.752000,124.25,1.0,125.0,1.0,124.05,1.0,125.75,2.0,123.4,1.0,125.9,1.0,122.0,1.0,126.0,6.0,121.4,5.0,127.0,1.0,121.25,1.0,130.0,1.0,121.0,1.0,131.0,2.0,120.95,1.0,132.0,2.0,119.0,1.0,132.03,1.0,118.65,1.0,132.06,1.0
287,Germany_Baseload#19#0#10000106,2021-10-13 06:51:37.181000,124.25,1.0,125.0,1.0,124.05,1.0,125.75,2.0,123.4,1.0,125.9,1.0,122.0,1.0,126.0,6.0,121.4,5.0,127.0,1.0,121.25,1.0,130.0,1.0,121.0,1.0,131.0,2.0,120.95,1.0,132.0,2.0,119.0,1.0,132.03,1.0,118.65,1.0,132.06,1.0
288,Germany_Baseload#19#0#10000106,2021-10-13 06:51:37.462000,124.25,1.0,125.0,1.0,124.05,1.0,125.75,2.0,123.4,1.0,125.9,1.0,122.0,1.0,126.0,6.0,121.4,5.0,127.0,1.0,121.25,1.0,130.0,1.0,121.0,1.0,131.0,2.0,120.95,1.0,132.0,2.0,119.0,1.0,132.03,1.0,118.65,1.0,132.06,1.0
289,Germany_Baseload#19#0#10000106,2021-10-13 06:51:39.822000,124.25,1.0,125.75,2.0,124.05,1.0,125.9,1.0,123.4,1.0,126.0,6.0,122.0,1.0,127.0,1.0,121.4,5.0,130.0,1.0,121.25,1.0,131.0,2.0,121.0,1.0,132.0,2.0,120.95,1.0,132.03,1.0,119.0,1.0,132.06,1.0,118.65,1.0,132.24,1.0
290,Germany_Baseload#19#0#10000106,2021-10-13 06:51:40.184000,124.25,1.0,125.75,2.0,124.05,1.0,125.9,1.0,123.4,1.0,126.0,6.0,122.0,1.0,127.0,1.0,121.25,1.0,130.0,1.0,121.2,5.0,131.0,2.0,121.0,1.0,132.0,2.0,120.95,1.0,132.03,1.0,119.0,1.0,132.06,1.0,118.65,1.0,132.24,1.0
291,Germany_Baseload#19#0#10000106,2021-10-13 06:51:41.387000,124.25,1.0,125.0,1.0,124.05,1.0,125.75,2.0,123.4,1.0,125.9,1.0,122.0,1.0,126.0,6.0,121.25,1.0,127.0,1.0,121.2,5.0,130.0,1.0,121.0,1.0,131.0,2.0,120.95,1.0,132.0,2.0,119.0,1.0,132.03,1.0,118.65,1.0,132.06,1.0
292,Germany_Baseload#19#0#10000106,2021-10-13 06:51:41.485000,124.25,1.0,125.0,1.0,124.05,1.0,125.75,1.0,123.4,1.0,125.9,1.0,122.0,1.0,126.0,6.0,121.25,1.0,127.0,1.0,121.2,5.0,130.0,1.0,121.0,1.0,131.0,2.0,120.95,1.0,132.0,2.0,119.0,1.0,132.03,1.0,118.65,1.0,132.06,1.0
293,Germany_Baseload#19#0#10000106,2021-10-13 06:51:42.638000,124.25,1.0,125.0,1.0,124.05,1.0,125.75,1.0,123.4,1.0,125.9,1.0,122.0,1.0,126.0,6.0,121.25,1.0,127.0,1.0,121.2,5.0,130.0,1.0,121.0,1.0,131.0,2.0,120.95,1.0,132.0,2.0,119.0,1.0,132.03,1.0,118.65,1.0,132.06,1.0
294,Germany_Baseload#19#0#10000106,2021-10-13 06:51:43.539000,124.25,1.0,125.0,1.0,124.05,1.0,125.9,1.0,123.4,1.0,126.0,6.0,122.0,1.0,127.0,1.0,121.25,1.0,130.0,1.0,121.2,5.0,131.0,2.0,121.0,1.0,132.0,2.0,120.95,1.0,132.03,1.0,119.0,1.0,132.06,1.0,118.65,1.0,132.24,1.0
295,Germany_Baseload#19#0#10000106,2021-10-13 06:51:45.595000,124.25,1.0,125.0,1.0,124.05,1.0,125.9,1.0,123.4,1.0,126.0,6.0,122.0,1.0,127.0,1.0,121.25,1.0,130.0,1.0,121.2,5.0,131.0,2.0,121.0,1.0,132.0,2.0,120.95,1.0,132.03,1.0,119.0,1.0,132.06,1.0,118.65,1.0,132.24,1.0
296,Germany_Baseload#19#0#10000106,2021-10-13 06:51:47.707000,124.25,1.0,125.0,1.0,124.05,1.0,125.9,1.0,123.4,1.0,126.0,6.0,122.0,1.0,127.0,1.0,121.25,1.0,130.0,1.0,121.2,5.0,131.0,2.0,121.0,1.0,132.0,2.0,120.95,1.0,132.03,1.0,119.0,1.0,132.06,1.0,118.65,1.0,132.24,1.0
297,Germany_Baseload#19#0#10000106,2021-10-13 06:51:48.617000,124.25,1.0,125.0,1.0,124.05,1.0,125.9,1.0,123.4,1.0,126.0,6.0,122.0,1.0,127.0,1.0,121.25,1.0,130.0,1.0,121.2,5.0,131.0,2.0,121.0,1.0,132.0,2.0,120.95,1.0,132.03,1.0,119.0,1.0,132.06,1.0,118.65,1.0,132.24,1.0
298,Germany_Baseload#19#0#10000106,2021-10-13 06:51:50.634000,124.25,1.0,125.0,2.0,124.05,1.0,125.9,1.0,123.4,1.0,126.0,6.0,122.0,1.0,127.0,1.0,121.25,1.0,130.0,1.0,121.2,5.0,131.0,2.0,121.0,1.0,132.0,2.0,120.95,1.0,132.03,1.0,119.0,1.0,132.06,1.0,118.65,1.0,132.24,1.0
299,Germany_Baseload#19#0#10000106,2021-10-13 06:51:54.474000,124.25,1.0,125.0,2.0,124.05,1.0,125.9,1.0,123.4,1.0,126.0,6.0,122.0,1.0,127.0,1.0,121.25,1.0,130.0,1.0,121.2,5.0,131.0,2.0,121.0,1.0,132.0,2.0,120.95,1.0,132.03,1.0,119.0,1.0,132.06,1.0,118.65,1.0,132.24,1.0
300,Germany_Baseload#19#0#10000106,2021-10-13 06:51:59.369000,124.25,1.0,125.0,2.0,124.05,1.0,125.9,1.0,123.4,1.0,126.0,6.0,122.0,1.0,127.0,1.0,121.25,1.0,130.0,1.0,121.2,5.0,131.0,2.0,121.0,1.0,132.0,2.0,120.95,1.0,132.03,1.0,119.0,1.0,132.06,1.0,118.65,1.0,132.24,1.0
301,Germany_Baseload#19#0#10000106,2021-10-13 06:52:10.955000,124.25,2.0,125.0,2.0,124.05,1.0,125.9,1.0,123.4,1.0,126.0,6.0,122.0,1.0,127.0,1.0,121.25,1.0,130.0,1.0,121.0,5.0,131.0,2.0,120.95,1.0,132.0,2.0,119.0,1.0,132.03,1.0,118.65,1.0,132.06,1.0,52.0,1.0,132.24,1.0
302,Germany_Baseload#19#0#10000106,2021-10-13 06:52:11.059000,124.25,2.0,125.0,2.0,124.05,1.0,125.9,1.0,123.4,1.0,126.0,6.0,122.0,1.0,127.0,1.0,121.25,1.0,130.0,1.0,121.0,5.0,131.0,2.0,120.95,1.0,132.0,2.0,119.0,1.0,132.03,1.0,118.65,1.0,132.06,1.0,52.0,1.0,132.24,1.0
303,Germany_Baseload#19#0#10000106,2021-10-13 06:52:11.269000,124.25,2.0,125.0,2.0,124.1,1.0,125.9,1.0,124.05,1.0,126.0,6.0,123.4,1.0,127.0,1.0,122.0,1.0,130.0,1.0,121.25,1.0,131.0,2.0,121.0,5.0,132.0,2.0,120.95,1.0,132.03,1.0,119.0,1.0,132.06,1.0,118.65,1.0,132.24,1.0
304,Germany_Baseload#19#0#10000106,2021-10-13 06:52:20.811000,124.25,2.0,125.0,2.0,124.1,1.0,125.9,1.0,124.05,1.0,126.0,6.0,123.4,1.0,127.0,1.0,122.0,1.0,130.0,1.0,121.25,1.0,131.0,2.0,121.2,5.0,132.0,2.0,121.0,1.0,132.03,1.0,120.95,1.0,132.06,1.0,119.0,1.0,132.24,1.0
305,Germany_Baseload#19#0#10000106,2021-10-13 06:52:34.479000,124.25,2.0,125.0,2.0,124.1,1.0,125.9,1.0,124.05,1.0,126.0,6.0,123.4,1.0,127.0,1.0,122.0,1.0,130.0,1.0,121.25,1.0,131.0,2.0,121.2,5.0,132.0,2.0,121.0,1.0,132.03,1.0,120.95,1.0,132.06,1.0,119.0,1.0,132.24,1.0
306,Germany_Baseload#19#0#10000106,2021-10-13 06:52:38.306000,124.25,2.0,125.0,2.0,124.1,1.0,125.9,1.0,124.05,1.0,126.0,6.0,123.4,1.0,127.0,1.0,122.0,1.0,130.0,1.0,121.25,1.0,131.0,2.0,121.0,5.0,132.0,2.0,120.95,1.0,132.03,1.0,119.0,1.0,132.06,1.0,118.65,1.0,132.24,1.0
307,Germany_Baseload#19#0#10000106,2021-10-13 06:52:41.720000,124.25,2.0,125.0,2.0,124.1,1.0,125.9,1.0,124.05,1.0,126.0,6.0,123.4,1.0,127.0,1.0,122.0,1.0,130.0,1.0,121.25,1.0,131.0,2.0,121.2,5.0,132.0,2.0,121.0,1.0,132.03,1.0,120.95,1.0,132.06,1.0,119.0,1.0,132.24,1.0
308,Germany_Baseload#19#0#10000106,2021-10-13 06:52:41.780000,124.25,2.0,125.0,2.0,124.1,1.0,125.9,1.0,124.05,1.0,126.0,6.0,123.4,1.0,127.0,1.0,122.0,1.0,130.0,1.0,121.25,1.0,131.0,2.0,121.2,5.0,132.0,2.0,121.0,1.0,132.03,1.0,120.95,1.0,132.06,1.0,119.0,1.0,132.24,1.0
309,Germany_Baseload#19#0#10000106,2021-10-13 06:52:46.562000,124.25,2.0,125.0,2.0,124.1,1.0,125.9,1.0,124.05,1.0,126.0,6.0,123.4,1.0,127.0,1.0,122.0,1.0,130.0,1.0,121.25,1.0,131.0,2.0,121.2,5.0,132.0,2.0,121.0,1.0,132.03,1.0,120.95,1.0,132.06,1.0,119.0,1.0,132.24,1.0
310,Germany_Baseload#19#0#10000106,2021-10-13 06:52:48.559000,124.25,2.0,125.0,2.0,124.1,1.0,125.9,1.0,124.05,1.0,126.0,6.0,123.4,1.0,127.0,1.0,122.0,1.0,130.0,1.0,121.25,1.0,131.0,2.0,121.0,1.0,132.0,2.0,120.95,1.0,132.03,1.0,119.0,1.0,132.06,1.0,118.65,1.0,132.24,1.0
311,Germany_Baseload#19#0#10000106,2021-10-13 06:52:48.755000,124.25,2.0,125.0,2.0,124.1,1.0,125.9,1.0,124.05,1.0,126.0,6.0,123.4,1.0,127.0,1.0,122.0,1.0,130.0,1.0,121.25,1.0,131.0,2.0,121.2,5.0,132.0,2.0,121.0,1.0,132.03,1.0,120.95,1.0,132.06,1.0,119.0,1.0,132.24,1.0
312,Germany_Baseload#19#0#10000106,2021-10-13 06:52:50.848000,124.25,2.0,125.0,2.0,124.1,1.0,125.9,1.0,124.05,1.0,126.0,6.0,123.4,1.0,127.0,1.0,122.0,1.0,130.0,1.0,121.25,1.0,131.0,2.0,121.2,5.0,132.0,2.0,121.0,1.0,132.03,1.0,120.95,1.0,132.06,1.0,119.0,1.0,132.24,1.0
313,Germany_Baseload#19#0#10000106,2021-10-13 06:52:57.128000,124.25,1.0,125.0,2.0,124.1,1.0,125.9,1.0,124.05,1.0,126.0,6.0,123.4,1.0,127.0,1.0,122.0,1.0,130.0,1.0,121.25,1.0,131.0,2.0,121.2,5.0,132.0,2.0,121.0,1.0,132.03,1.0,120.95,1.0,132.06,1.0,119.0,1.0,132.24,1.0
314,Germany_Baseload#19#0#10000106,2021-10-13 06:53:08.419000,124.25,1.0,125.0,2.0,124.1,1.0,125.9,1.0,124.05,1.0,126.0,6.0,123.4,1.0,127.0,1.0,122.0,1.0,130.0,1.0,121.4,5.0,131.0,2.0,121.25,1.0,132.0,2.0,121.0,1.0,132.03,1.0,120.95,1.0,132.06,1.0,119.0,1.0,132.24,1.0
315,Germany_Baseload#19#0#10000106,2021-10-13 06:53:08.473000,124.25,1.0,125.0,2.0,124.1,1.0,125.9,1.0,124.05,1.0,126.0,6.0,123.4,1.0,127.0,1.0,122.0,1.0,130.0,1.0,121.4,5.0,131.0,2.0,121.25,1.0,132.0,2.0,121.0,1.0,132.03,1.0,120.95,1.0,132.06,1.0,119.0,1.0,132.24,1.0
316,Germany_Baseload#19#0#10000106,2021-10-13 06:53:17.825000,124.25,1.0,125.0,2.0,124.05,1.0,125.9,1.0,123.4,1.0,126.0,6.0,122.0,1.0,127.0,1.0,121.4,5.0,130.0,1.0,121.25,1.0,131.0,2.0,121.0,1.0,132.0,2.0,120.95,1.0,132.03,1.0,119.0,1.0,132.06,1.0,118.65,1.0,132.24,1.0
317,Germany_Baseload#19#0#10000106,2021-10-13 06:53:21.681000,124.25,1.0,125.0,2.0,124.05,1.0,125.9,1.0,123.4,1.0,126.0,6.0,122.0,1.0,127.0,1.0,121.4,5.0,130.0,1.0,121.25,1.0,131.0,2.0,121.0,1.0,132.0,2.0,120.95,1.0,132.03,1.0,119.0,1.0,132.06,1.0,118.65,1.0,132.24,1.0
318,Germany_Baseload#19#0#10000106,2021-10-13 06:53:25.513000,124.25,1.0,125.0,2.0,124.05,1.0,125.9,1.0,123.4,1.0,126.0,6.0,122.0,1.0,127.0,1.0,121.25,1.0,130.0,1.0,121.2,5.0,131.0,2.0,121.0,1.0,132.0,2.0,120.95,1.0,132.03,1.0,119.0,1.0,132.06,1.0,118.65,1.0,132.24,1.0
319,Germany_Baseload#19#0#10000106,2021-10-13 06:53:32.336000,124.05,1.0,125.0,2.0,123.4,1.0,125.9,1.0,122.0,1.0,126.0,6.0,121.25,1.0,127.0,1.0,121.2,5.0,130.0,1.0,121.0,1.0,131.0,2.0,120.95,1.0,132.0,2.0,119.0,1.0,132.03,1.0,118.65,1.0,132.06,1.0,52.0,1.0,132.24,1.0
320,Germany_Baseload#19#0#10000106,2021-10-13 06:53:34.003000,124.05,1.0,125.0,2.0,123.4,1.0,125.9,1.0,122.0,1.0,126.0,6.0,121.25,1.0,127.0,1.0,121.2,5.0,130.0,1.0,121.0,1.0,131.0,2.0,120.95,1.0,132.0,2.0,119.0,1.0,132.03,1.0,118.65,1.0,132.06,1.0,52.0,1.0,132.24,1.0
321,Germany_Baseload#19#0#10000106,2021-10-13 06:53:34.207000,124.05,1.0,125.0,2.0,123.4,1.0,125.9,1.0,122.0,1.0,126.0,6.0,121.4,5.0,127.0,1.0,121.25,1.0,130.0,1.0,121.0,1.0,131.0,2.0,120.95,1.0,132.0,2.0,119.0,1.0,132.03,1.0,118.65,1.0,132.06,1.0,52.0,1.0,132.24,1.0
322,Germany_Baseload#19#0#10000106,2021-10-13 06:53:36.380000,124.05,1.0,125.0,2.0,123.4,1.0,125.9,1.0,122.0,1.0,126.0,6.0,121.25,1.0,127.0,1.0,121.2,5.0,130.0,1.0,121.0,1.0,131.0,2.0,120.95,1.0,132.0,2.0,119.0,1.0,132.03,1.0,118.65,1.0,132.06,1.0,52.0,1.0,132.24,1.0
323,Germany_Baseload#19#0#10000106,2021-10-13 06:53:37.121000,124.05,1.0,124.95,1.0,123.4,1.0,125.0,2.0,122.0,1.0,125.9,2.0,121.25,1.0,126.0,6.0,121.2,5.0,127.0,1.0,121.0,1.0,130.0,1.0,120.95,1.0,131.0,2.0,119.0,1.0,132.0,2.0,118.65,1.0,132.03,1.0,52.0,1.0,132.06,1.0
324,Germany_Baseload#19#0#10000106,2021-10-13 06:53:41.931000,124.05,1.0,124.95,1.0,124.0,1.0,125.0,2.0,123.4,1.0,125.9,2.0,122.0,1.0,126.0,6.0,121.25,1.0,127.0,1.0,121.2,5.0,130.0,1.0,121.0,1.0,131.0,2.0,120.95,1.0,132.0,2.0,119.0,1.0,132.03,1.0,118.65,1.0,132.06,1.0
325,Germany_Baseload#19#0#10000106,2021-10-13 06:53:43.229000,124.0,1.0,124.95,1.0,123.75,1.0,125.0,2.0,123.4,1.0,125.9,2.0,122.0,1.0,126.0,6.0,121.25,1.0,127.0,1.0,121.2,5.0,130.0,1.0,121.0,1.0,131.0,2.0,120.95,1.0,132.0,2.0,119.0,1.0,132.03,1.0,118.65,1.0,132.06,1.0
326,Germany_Baseload#19#0#10000106,2021-10-13 06:53:44.424000,123.75,1.0,124.95,1.0,123.4,1.0,125.0,2.0,122.0,1.0,125.9,2.0,121.25,1.0,126.0,6.0,121.2,5.0,127.0,1.0,121.0,1.0,130.0,1.0,120.95,1.0,131.0,2.0,119.0,1.0,132.0,2.0,118.65,1.0,132.03,1.0,52.0,1.0,132.06,1.0
327,Germany_Baseload#19#0#10000106,2021-10-13 06:53:57.894000,123.75,1.0,125.0,1.0,123.4,1.0,125.9,2.0,122.0,1.0,126.0,6.0,121.25,1.0,127.0,1.0,121.2,5.0,130.0,1.0,121.0,1.0,131.0,2.0,120.95,1.0,132.0,2.0,119.0,1.0,132.03,1.0,118.65,1.0,132.06,1.0,52.0,1.0,132.24,1.0
328,Germany_Baseload#19#0#10000106,2021-10-13 06:54:14.817000,123.75,1.0,125.0,1.0,123.4,1.0,125.9,2.0,122.0,1.0,126.0,6.0,121.4,5.0,127.0,1.0,121.25,1.0,130.0,1.0,121.0,1.0,131.0,2.0,120.95,1.0,132.0,2.0,119.0,1.0,132.03,1.0,118.65,1.0,132.06,1.0,52.0,1.0,132.24,1.0
329,Germany_Baseload#19#0#10000106,2021-10-13 06:54:20.602000,124.0,1.0,125.0,1.0,123.75,1.0,125.9,2.0,123.4,1.0,126.0,6.0,122.0,1.0,127.0,1.0,121.4,5.0,130.0,1.0,121.25,1.0,131.0,2.0,121.0,1.0,132.0,2.0,120.95,1.0,132.03,1.0,119.0,1.0,132.06,1.0,118.65,1.0,132.24,1.0
330,Germany_Baseload#19#0#10000106,2021-10-13 06:54:20.641000,124.0,1.0,125.0,3.0,123.75,1.0,125.9,2.0,123.4,1.0,126.0,6.0,122.0,1.0,127.0,1.0,121.4,5.0,130.0,1.0,121.25,1.0,131.0,2.0,121.0,1.0,132.0,2.0,120.95,1.0,132.03,1.0,119.0,1.0,132.06,1.0,118.65,1.0,132.24,1.0
331,Germany_Baseload#19#0#10000106,2021-10-13 06:54:21.660000,124.0,1.0,125.0,3.0,123.75,1.0,125.9,2.0,123.4,1.0,126.0,6.0,122.0,1.0,127.0,1.0,121.4,5.0,130.0,1.0,121.25,1.0,131.0,2.0,121.0,1.0,132.0,2.0,120.95,1.0,132.03,1.0,119.0,1.0,132.06,1.0,118.65,1.0,132.24,1.0
332,Germany_Baseload#19#0#10000106,2021-10-13 06:54:27.657000,124.0,1.0,125.0,3.0,123.8,1.0,125.9,2.0,123.75,1.0,126.0,6.0,123.4,1.0,127.0,1.0,122.0,1.0,130.0,1.0,121.4,5.0,131.0,2.0,121.25,1.0,132.0,2.0,121.0,1.0,132.03,1.0,120.95,1.0,132.06,1.0,119.0,1.0,132.24,1.0
333,Germany_Baseload#19#0#10000106,2021-10-13 06:54:33.365000,124.0,1.0,125.0,3.0,123.8,1.0,125.9,2.0,123.4,1.0,126.0,6.0,122.0,1.0,127.0,1.0,121.4,5.0,130.0,1.0,121.25,1.0,131.0,2.0,121.0,1.0,132.0,2.0,120.95,1.0,132.03,1.0,119.0,1.0,132.06,1.0,118.65,1.0,132.24,1.0
334,Germany_Baseload#19#0#10000106,2021-10-13 06:54:33.395000,124.0,1.0,125.0,3.0,123.8,1.0,125.9,2.0,123.4,1.0,126.0,6.0,122.0,1.0,127.0,1.0,121.4,5.0,130.0,1.0,121.25,1.0,131.0,2.0,121.0,1.0,132.0,2.0,120.95,1.0,132.03,1.0,119.0,1.0,132.06,1.0,118.65,1.0,132.24,1.0
335,Germany_Baseload#19#0#10000106,2021-10-13 06:54:36.932000,124.0,1.0,125.0,3.0,123.8,1.0,125.9,2.0,123.4,1.0,126.0,6.0,122.0,1.0,127.0,1.0,121.25,1.0,130.0,1.0,121.2,5.0,131.0,2.0,121.0,1.0,132.0,2.0,120.95,1.0,132.03,1.0,119.0,1.0,132.06,1.0,118.65,1.0,132.24,1.0
336,Germany_Baseload#19#0#10000106,2021-10-13 06:54:48.609000,124.0,1.0,125.0,2.0,123.8,1.0,125.9,2.0,123.4,1.0,126.0,6.0,122.0,1.0,127.0,1.0,121.25,1.0,130.0,1.0,121.2,5.0,131.0,2.0,121.0,1.0,132.0,2.0,120.95,1.0,132.03,1.0,119.0,1.0,132.06,1.0,118.65,1.0,132.24,1.0
337,Germany_Baseload#19#0#10000106,2021-10-13 06:54:48.709000,124.0,1.0,125.0,2.0,123.8,1.0,125.9,2.0,123.4,1.0,126.0,6.0,122.0,1.0,126.05,1.0,121.25,1.0,127.0,1.0,121.2,5.0,130.0,1.0,121.0,1.0,131.0,2.0,120.95,1.0,132.0,2.0,119.0,1.0,132.03,1.0,118.65,1.0,132.06,1.0
338,Germany_Baseload#19#0#10000106,2021-10-13 06:54:48.719000,124.0,1.0,125.0,2.0,123.8,1.0,125.9,1.0,123.4,1.0,126.0,6.0,122.0,1.0,126.05,1.0,121.25,1.0,127.0,1.0,121.2,5.0,130.0,1.0,121.0,1.0,131.0,2.0,120.95,1.0,132.0,2.0,119.0,1.0,132.03,1.0,118.65,1.0,132.06,1.0
339,Germany_Baseload#19#0#10000106,2021-10-13 06:54:49.251000,124.0,1.0,125.0,2.0,123.8,1.0,125.9,2.0,123.4,1.0,126.0,6.0,122.0,1.0,126.05,1.0,121.25,1.0,127.0,1.0,121.2,5.0,130.0,1.0,121.0,1.0,131.0,2.0,120.95,1.0,132.0,2.0,119.0,1.0,132.03,1.0,118.65,1.0,132.06,1.0
340,Germany_Baseload#19#0#10000106,2021-10-13 06:54:51.414000,124.0,1.0,125.9,2.0,123.8,1.0,126.0,6.0,123.4,1.0,126.05,1.0,122.0,1.0,127.0,1.0,121.25,1.0,130.0,1.0,121.2,5.0,131.0,2.0,121.0,1.0,132.0,2.0,120.95,1.0,132.03,1.0,119.0,1.0,132.06,1.0,118.65,1.0,132.24,1.0
341,Germany_Baseload#19#0#10000106,2021-10-13 06:54:51.446000,124.0,1.0,125.0,2.0,123.8,1.0,125.9,2.0,123.4,1.0,126.0,6.0,122.0,1.0,126.05,1.0,121.25,1.0,127.0,1.0,121.2,5.0,130.0,1.0,121.0,1.0,131.0,2.0,120.95,1.0,132.0,2.0,119.0,1.0,132.03,1.0,118.65,1.0,132.06,1.0
342,Germany_Baseload#19#0#10000106,2021-10-13 06:54:53.941000,124.1,1.0,125.0,2.0,124.0,1.0,125.9,2.0,123.8,1.0,126.0,6.0,123.4,1.0,126.05,1.0,122.0,1.0,127.0,1.0,121.25,1.0,130.0,1.0,121.2,5.0,131.0,2.0,121.0,1.0,132.0,2.0,120.95,1.0,132.03,1.0,119.0,1.0,132.06,1.0
343,Germany_Baseload#19#0#10000106,2021-10-13 06:54:56.633000,124.1,1.0,125.0,3.0,124.0,1.0,125.9,2.0,123.8,1.0,126.0,6.0,123.4,1.0,126.05,1.0,122.0,1.0,127.0,1.0,121.25,1.0,130.0,1.0,121.2,5.0,131.0,2.0,121.0,1.0,132.0,2.0,120.95,1.0,132.03,1.0,119.0,1.0,132.06,1.0
344,Germany_Baseload#19#0#10000106,2021-10-13 06:54:56.736000,124.1,1.0,125.0,3.0,124.0,1.0,125.9,1.0,123.8,1.0,126.0,6.0,123.4,1.0,126.05,1.0,122.0,1.0,127.0,1.0,121.25,1.0,130.0,1.0,121.2,5.0,131.0,2.0,121.0,1.0,132.0,2.0,120.95,1.0,132.03,1.0,119.0,1.0,132.06,1.0
345,Germany_Baseload#19#0#10000106,2021-10-13 06:54:57.655000,124.1,1.0,125.0,3.0,124.0,1.0,125.9,1.0,123.8,1.0,126.0,6.0,123.4,1.0,126.05,1.0,122.0,1.0,127.0,1.0,121.25,1.0,130.0,1.0,121.2,5.0,131.0,2.0,121.0,1.0,132.0,2.0,120.95,1.0,132.03,1.0,119.0,1.0,132.06,1.0
346,Germany_Baseload#19#0#10000106,2021-10-13 06:55:27.888000,124.1,1.0,125.0,3.0,124.0,1.0,125.9,1.0,123.8,1.0,126.0,6.0,123.4,1.0,126.05,1.0,122.0,1.0,127.0,1.0,121.4,5.0,130.0,1.0,121.25,1.0,131.0,2.0,121.0,1.0,132.0,2.0,120.95,1.0,132.03,1.0,119.0,1.0,132.06,1.0
347,Germany_Baseload#19#0#10000106,2021-10-13 06:55:29.824000,124.1,1.0,125.0,3.0,124.0,1.0,125.9,1.0,123.8,1.0,126.0,6.0,123.4,1.0,126.05,1.0,122.0,1.0,127.0,1.0,121.4,5.0,130.0,1.0,121.25,1.0,131.0,2.0,121.0,1.0,132.0,2.0,120.95,1.0,132.03,1.0,119.0,1.0,132.06,1.0
348,Germany_Baseload#19#0#10000106,2021-10-13 06:55:52.446000,124.1,1.0,125.0,3.0,124.0,1.0,125.9,1.0,123.8,1.0,126.0,6.0,123.4,1.0,126.05,1.0,122.0,1.0,127.0,1.0,121.4,5.0,130.0,1.0,121.25,1.0,131.0,2.0,121.0,1.0,132.0,2.0,120.95,1.0,132.03,1.0,119.0,1.0,132.06,1.0
349,Germany_Baseload#19#0#10000106,2021-10-13 06:55:57.436000,124.1,1.0,125.0,3.0,124.0,1.0,125.9,1.0,123.8,1.0,126.0,6.0,123.4,1.0,126.05,1.0,122.0,1.0,127.0,1.0,121.4,5.0,130.0,1.0,121.25,1.0,131.0,2.0,121.0,1.0,132.0,2.0,120.95,1.0,132.03,1.0,119.0,1.0,132.06,1.0
350,Germany_Baseload#19#0#10000106,2021-10-13 06:55:59.182000,124.1,1.0,125.0,3.0,124.0,1.0,125.9,1.0,123.8,1.0,126.0,6.0,123.4,1.0,126.05,1.0,122.0,1.0,127.0,1.0,121.4,5.0,130.0,1.0,121.25,1.0,131.0,2.0,121.0,1.0,132.0,2.0,120.95,1.0,132.03,1.0,119.0,1.0,132.06,1.0
351,Germany_Baseload#19#0#10000106,2021-10-13 06:56:10.031000,124.1,1.0,125.0,2.0,124.0,1.0,125.9,1.0,123.8,1.0,126.0,6.0,123.4,1.0,126.05,1.0,122.0,1.0,127.0,1.0,121.4,5.0,130.0,1.0,121.25,1.0,131.0,2.0,121.0,1.0,132.0,2.0,120.95,1.0,132.03,1.0,119.0,1.0,132.06,1.0
352,Germany_Baseload#19#0#10000106,2021-10-13 06:56:10.137000,124.1,1.0,125.0,2.0,124.0,1.0,125.9,2.0,123.8,1.0,126.0,6.0,123.4,1.0,126.05,1.0,122.0,1.0,127.0,1.0,121.4,5.0,130.0,1.0,121.25,1.0,131.0,2.0,121.0,1.0,132.0,2.0,120.95,1.0,132.03,1.0,119.0,1.0,132.06,1.0
353,Germany_Baseload#19#0#10000106,2021-10-13 06:56:12.960000,124.1,1.0,125.0,2.0,124.0,1.0,125.9,2.0,123.8,1.0,126.0,6.0,123.4,1.0,126.05,1.0,122.0,1.0,127.0,1.0,121.25,1.0,130.0,1.0,121.0,1.0,131.0,2.0,120.95,1.0,132.0,2.0,119.0,1.0,132.03,1.0,118.65,1.0,132.06,1.0
354,Germany_Baseload#19#0#10000106,2021-10-13 06:56:13.148000,124.1,1.0,125.0,2.0,124.0,1.0,125.9,2.0,123.8,1.0,126.0,6.0,123.4,1.0,126.05,1.0,122.0,1.0,127.0,1.0,121.4,5.0,130.0,1.0,121.25,1.0,131.0,2.0,121.0,1.0,132.0,2.0,120.95,1.0,132.03,1.0,119.0,1.0,132.06,1.0
355,Germany_Baseload#19#0#10000106,2021-10-13 06:56:13.586000,124.1,1.0,125.9,2.0,124.0,1.0,126.0,6.0,123.8,1.0,126.05,1.0,123.4,1.0,127.0,1.0,122.0,1.0,130.0,1.0,121.4,5.0,131.0,2.0,121.25,1.0,132.0,2.0,121.0,1.0,132.03,1.0,120.95,1.0,132.06,1.0,119.0,1.0,132.24,1.0
356,Germany_Baseload#19#0#10000106,2021-10-13 06:56:13.617000,124.1,1.0,125.0,1.0,124.0,1.0,125.9,2.0,123.8,1.0,126.0,6.0,123.4,1.0,126.05,1.0,122.0,1.0,127.0,1.0,121.4,5.0,130.0,1.0,121.25,1.0,131.0,2.0,121.0,1.0,132.0,2.0,120.95,1.0,132.03,1.0,119.0,1.0,132.06,1.0
357,Germany_Baseload#19#0#10000106,2021-10-13 06:56:16.179000,124.1,1.0,125.9,2.0,124.0,1.0,126.0,6.0,123.8,1.0,126.05,1.0,123.4,1.0,127.0,1.0,122.0,1.0,130.0,1.0,121.4,5.0,131.0,2.0,121.25,1.0,132.0,2.0,121.0,1.0,132.03,1.0,120.95,1.0,132.06,1.0,119.0,1.0,132.24,1.0
358,Germany_Baseload#19#0#10000106,2021-10-13 06:56:16.863000,124.1,1.0,125.9,2.0,124.0,1.0,126.0,6.0,123.8,1.0,126.05,1.0,123.4,1.0,127.0,1.0,122.0,1.0,130.0,1.0,121.4,5.0,131.0,2.0,121.25,1.0,132.0,2.0,121.0,1.0,132.03,1.0,120.95,1.0,132.06,1.0,119.0,1.0,132.24,1.0
359,Germany_Baseload#19#0#10000106,2021-10-13 06:56:16.895000,124.1,1.0,125.9,2.0,124.0,1.0,126.0,6.0,123.97,1.0,126.05,1.0,123.8,1.0,127.0,1.0,123.4,1.0,130.0,1.0,122.0,1.0,131.0,2.0,121.4,5.0,132.0,2.0,121.25,1.0,132.03,1.0,121.0,1.0,132.06,1.0,120.95,1.0,132.24,1.0
360,Germany_Baseload#19#0#10000106,2021-10-13 06:56:16.910000,124.1,1.0,125.9,2.0,124.0,1.0,126.0,6.0,123.97,1.0,126.05,1.0,123.94,1.0,127.0,1.0,123.8,1.0,130.0,1.0,123.4,1.0,131.0,2.0,122.0,1.0,132.0,2.0,121.4,5.0,132.03,1.0,121.25,1.0,132.06,1.0,121.0,1.0,132.24,1.0
361,Germany_Baseload#19#0#10000106,2021-10-13 06:56:19.637000,124.1,1.0,125.9,1.0,124.0,1.0,126.0,6.0,123.97,1.0,126.05,1.0,123.94,1.0,127.0,1.0,123.8,1.0,130.0,1.0,123.4,1.0,131.0,2.0,122.0,1.0,132.0,2.0,121.4,5.0,132.03,1.0,121.25,1.0,132.06,1.0,121.0,1.0,132.24,1.0
362,Germany_Baseload#19#0#10000106,2021-10-13 06:56:19.736000,124.1,1.0,125.95,1.0,124.0,1.0,126.0,6.0,123.97,1.0,126.05,1.0,123.94,1.0,127.0,1.0,123.8,1.0,130.0,1.0,123.4,1.0,131.0,2.0,122.0,1.0,132.0,2.0,121.4,5.0,132.03,1.0,121.25,1.0,132.06,1.0,121.0,1.0,132.24,1.0
363,Germany_Baseload#19#0#10000106,2021-10-13 06:56:19.854000,124.1,1.0,125.95,1.0,124.0,1.0,126.0,6.0,123.97,1.0,126.1,1.0,123.94,1.0,127.0,1.0,123.8,1.0,130.0,1.0,123.4,1.0,131.0,2.0,122.0,1.0,132.0,2.0,121.4,5.0,132.03,1.0,121.25,1.0,132.06,1.0,121.0,1.0,132.24,1.0
364,Germany_Baseload#19#0#10000106,2021-10-13 06:56:24.131000,124.1,1.0,125.95,1.0,124.0,1.0,126.0,6.0,123.97,1.0,126.1,1.0,123.94,1.0,127.0,1.0,123.8,1.0,130.0,1.0,123.4,1.0,131.0,2.0,122.0,1.0,132.0,2.0,121.4,5.0,132.03,1.0,121.25,1.0,132.06,1.0,121.0,1.0,132.24,1.0
365,Germany_Baseload#19#0#10000106,2021-10-13 06:56:24.155000,124.1,1.0,125.95,1.0,124.0,1.0,126.0,6.0,123.97,1.0,126.1,1.0,123.94,1.0,127.0,1.0,123.8,1.0,130.0,1.0,123.4,1.0,131.0,2.0,122.0,1.0,132.0,2.0,121.4,5.0,132.03,1.0,121.25,1.0,132.24,1.0,121.0,1.0,,
366,Germany_Baseload#19#0#10000106,2021-10-13 06:56:24.156000,124.1,1.0,125.95,1.0,124.0,1.0,126.0,6.0,123.97,1.0,126.1,1.0,123.94,1.0,127.0,1.0,123.8,1.0,130.0,1.0,123.4,1.0,131.0,2.0,122.0,1.0,132.0,2.0,121.4,5.0,132.24,1.0,121.25,1.0,,,121.0,1.0,,
367,Germany_Baseload#19#0#10000106,2021-10-13 06:56:25.691000,124.1,1.0,125.95,1.0,124.0,1.0,126.0,6.0,123.97,1.0,126.1,1.0,123.94,1.0,127.0,1.0,123.8,1.0,130.0,1.0,123.4,1.0,131.0,2.0,122.0,1.0,132.0,2.0,121.25,1.0,132.24,1.0,121.0,1.0,,,120.95,1.0,,
368,Germany_Baseload#19#0#10000106,2021-10-13 06:56:29.770000,124.1,1.0,125.55,1.0,124.0,1.0,125.95,1.0,123.97,1.0,126.0,6.0,123.94,1.0,126.1,1.0,123.8,1.0,127.0,1.0,123.4,1.0,130.0,1.0,122.0,1.0,131.0,2.0,121.25,1.0,132.0,2.0,121.0,1.0,132.24,1.0,120.95,1.0,,
369,Germany_Baseload#19#0#10000106,2021-10-13 06:56:29.867000,124.1,1.0,125.55,1.0,124.0,1.0,126.0,6.0,123.97,1.0,126.1,1.0,123.94,1.0,127.0,1.0,123.8,1.0,130.0,1.0,123.4,1.0,131.0,2.0,122.0,1.0,132.0,2.0,121.25,1.0,132.24,1.0,121.0,1.0,,,120.95,1.0,,
370,Germany_Baseload#19#0#10000106,2021-10-13 06:56:30.296000,124.1,1.0,125.55,1.0,124.0,1.0,126.0,6.0,123.97,1.0,126.1,1.0,123.94,1.0,127.0,1.0,123.8,1.0,130.0,1.0,123.4,1.0,131.0,2.0,122.0,1.0,132.0,2.0,121.4,5.0,132.24,1.0,121.25,1.0,,,121.0,1.0,,
371,Germany_Baseload#19#0#10000106,2021-10-13 06:56:37.837000,124.1,1.0,126.0,6.0,124.0,1.0,126.1,1.0,123.97,1.0,127.0,1.0,123.94,1.0,130.0,1.0,123.8,1.0,131.0,2.0,123.4,1.0,132.0,2.0,122.0,1.0,132.24,1.0,121.4,5.0,,,121.25,1.0,,,121.0,1.0,,
372,Germany_Baseload#19#0#10000106,2021-10-13 06:56:37.933000,124.1,1.0,126.0,6.0,124.0,1.0,126.15,1.0,123.97,1.0,127.0,1.0,123.94,1.0,130.0,1.0,123.8,1.0,131.0,2.0,123.4,1.0,132.0,2.0,122.0,1.0,132.24,1.0,121.4,5.0,,,121.25,1.0,,,121.0,1.0,,
373,Germany_Baseload#19#0#10000106,2021-10-13 06:56:37.955000,124.1,1.0,125.95,1.0,124.0,1.0,126.0,6.0,123.97,1.0,126.15,1.0,123.94,1.0,127.0,1.0,123.8,1.0,130.0,1.0,123.4,1.0,131.0,2.0,122.0,1.0,132.0,2.0,121.4,5.0,132.24,1.0,121.25,1.0,,,121.0,1.0,,
374,Germany_Baseload#19#0#10000106,2021-10-13 06:56:39.804000,125.0,1.0,125.95,1.0,124.1,1.0,126.0,6.0,124.0,1.0,126.15,1.0,123.97,1.0,127.0,1.0,123.94,1.0,130.0,1.0,123.8,1.0,131.0,2.0,123.4,1.0,132.0,2.0,122.0,1.0,132.24,1.0,121.4,5.0,,,121.25,1.0,,
375,Germany_Baseload#19#0#10000106,2021-10-13 06:56:42.203000,125.0,1.0,125.5,1.0,124.1,1.0,125.95,1.0,124.0,1.0,126.0,6.0,123.97,1.0,126.15,1.0,123.94,1.0,127.0,1.0,123.8,1.0,130.0,1.0,123.4,1.0,131.0,2.0,122.0,1.0,132.0,2.0,121.4,5.0,132.24,1.0,121.25,1.0,,
376,Germany_Baseload#19#0#10000106,2021-10-13 06:56:42.296000,125.0,1.0,125.5,1.0,124.1,1.0,126.0,6.0,124.0,1.0,126.15,1.0,123.97,1.0,127.0,1.0,123.94,1.0,130.0,1.0,123.8,1.0,131.0,2.0,123.4,1.0,132.0,2.0,122.0,1.0,132.24,1.0,121.4,5.0,,,121.25,1.0,,
377,Germany_Baseload#19#0#10000106,2021-10-13 06:56:43.113000,125.0,1.0,125.5,1.0,124.1,1.0,126.0,6.0,124.0,1.0,126.15,1.0,123.97,1.0,127.0,1.0,123.94,1.0,130.0,1.0,123.8,1.0,131.0,2.0,123.4,1.0,132.0,2.0,122.5,5.0,132.24,1.0,122.0,1.0,,,121.4,5.0,,
378,Germany_Baseload#19#0#10000106,2021-10-13 06:56:44.179000,125.0,1.0,125.5,3.0,124.1,1.0,126.0,6.0,124.0,1.0,126.15,1.0,123.97,1.0,127.0,1.0,123.94,1.0,130.0,1.0,123.8,1.0,131.0,2.0,123.4,1.0,132.0,2.0,122.5,5.0,132.24,1.0,122.0,1.0,,,121.4,5.0,,
379,Germany_Baseload#19#0#10000106,2021-10-13 06:56:49.918000,125.0,1.0,125.5,3.0,124.1,1.0,126.0,6.0,124.0,1.0,126.15,1.0,123.97,1.0,127.0,1.0,123.94,1.0,130.0,1.0,123.8,1.0,131.0,2.0,123.4,5.0,132.0,2.0,122.5,5.0,132.24,1.0,122.0,1.0,,,121.4,5.0,,
380,Germany_Baseload#19#0#10000106,2021-10-13 06:56:51.018000,125.0,1.0,125.5,3.0,124.1,1.0,126.0,6.0,124.0,1.0,126.15,1.0,123.97,1.0,127.0,1.0,123.94,1.0,130.0,1.0,123.8,1.0,131.0,2.0,123.4,5.0,132.0,2.0,122.0,1.0,132.24,1.0,121.4,5.0,,,121.25,1.0,,
381,Germany_Baseload#19#0#10000106,2021-10-13 06:56:56.763000,125.0,1.0,125.5,3.0,124.1,1.0,126.0,6.0,124.0,1.0,126.15,1.0,123.97,1.0,127.0,1.0,123.94,1.0,128.0,1.0,123.8,1.0,130.0,1.0,123.4,5.0,131.0,2.0,122.0,1.0,132.0,2.0,121.4,5.0,132.24,1.0,121.25,1.0,,
382,Germany_Baseload#19#0#10000106,2021-10-13 06:56:59.849000,125.0,1.0,125.5,3.0,124.1,1.0,126.0,6.0,124.0,1.0,126.15,1.0,123.97,1.0,127.0,1.0,123.94,1.0,128.0,1.0,123.8,1.0,130.0,1.0,123.4,5.0,131.0,2.0,122.0,1.0,132.0,2.0,121.4,5.0,132.24,1.0,121.25,1.0,136.0,5.0
383,Germany_Baseload#19#0#10000106,2021-10-13 06:57:00.167000,125.0,1.0,125.5,3.0,124.1,1.0,126.0,6.0,124.0,1.0,126.15,1.0,123.97,1.0,127.0,1.0,123.94,1.0,128.0,1.0,123.8,1.0,130.0,1.0,123.4,5.0,131.0,2.0,122.0,1.0,132.0,2.0,121.4,5.0,132.24,1.0,121.25,1.0,,
384,Germany_Baseload#19#0#10000106,2021-10-13 06:57:00.554000,125.0,1.0,125.5,3.0,124.1,1.0,126.0,6.0,124.0,1.0,126.15,1.0,123.97,1.0,127.0,1.0,123.94,1.0,128.0,5.0,123.8,1.0,130.0,1.0,123.4,5.0,131.0,2.0,122.0,1.0,132.0,2.0,121.25,1.0,132.24,1.0,121.0,1.0,,
385,Germany_Baseload#19#0#10000106,2021-10-13 06:57:00.705000,125.0,1.0,125.5,3.0,124.1,1.0,126.0,6.0,124.0,1.0,126.15,1.0,123.97,1.0,127.0,1.0,123.94,1.0,128.0,1.0,123.8,1.0,130.0,1.0,123.4,5.0,131.0,2.0,122.0,1.0,132.0,2.0,121.25,1.0,132.24,1.0,121.0,1.0,,
386,Germany_Baseload#19#0#10000106,2021-10-13 06:57:01.225000,125.0,1.0,125.5,3.0,124.1,1.0,126.0,6.0,124.0,1.0,126.15,1.0,123.97,1.0,127.0,1.0,123.94,1.0,128.0,5.0,123.8,1.0,130.0,1.0,123.4,5.0,131.0,2.0,122.0,1.0,132.0,2.0,121.25,1.0,132.24,1.0,121.2,5.0,,
387,Germany_Baseload#19#0#10000106,2021-10-13 06:57:05.823000,125.0,1.0,125.5,3.0,124.1,1.0,126.0,6.0,124.0,1.0,126.15,1.0,123.97,1.0,127.0,1.0,123.94,1.0,128.0,5.0,123.8,1.0,130.0,1.0,123.4,5.0,131.0,2.0,122.0,1.0,132.0,2.0,121.4,5.0,132.24,1.0,121.25,1.0,,
388,Germany_Baseload#19#0#10000106,2021-10-13 06:57:09.934000,125.0,1.0,125.5,3.0,124.1,1.0,126.0,6.0,124.0,1.0,126.15,1.0,123.97,1.0,127.0,1.0,123.94,1.0,128.0,5.0,123.8,1.0,130.0,1.0,123.4,5.0,131.0,2.0,122.0,1.0,132.0,2.0,121.25,1.0,132.24,1.0,121.0,1.0,,
389,Germany_Baseload#19#0#10000106,2021-10-13 06:57:11.415000,125.0,1.0,125.5,3.0,124.1,1.0,126.0,6.0,124.0,1.0,126.15,1.0,123.97,1.0,127.0,1.0,123.94,1.0,128.0,5.0,123.8,1.0,130.0,1.0,123.4,5.0,131.0,2.0,122.0,1.0,132.0,2.0,121.4,5.0,132.24,1.0,121.25,1.0,,
390,Germany_Baseload#19#0#10000106,2021-10-13 06:57:12.146000,125.0,1.0,125.5,3.0,124.1,1.0,126.0,6.0,124.0,1.0,126.15,1.0,123.97,1.0,127.0,1.0,123.94,1.0,128.0,5.0,123.8,1.0,130.0,1.0,123.4,5.0,131.0,2.0,122.0,1.0,132.0,2.0,121.4,5.0,132.24,1.0,121.25,1.0,137.2,5.0
391,Germany_Baseload#19#0#10000106,2021-10-13 06:57:16.115000,125.0,1.0,125.5,3.0,124.5,1.0,126.0,6.0,124.1,1.0,126.15,1.0,124.0,1.0,127.0,1.0,123.97,1.0,128.0,5.0,123.94,1.0,130.0,1.0,123.8,1.0,131.0,2.0,123.4,5.0,132.0,2.0,122.0,1.0,132.24,1.0,121.4,5.0,137.2,5.0
392,Germany_Baseload#19#0#10000106,2021-10-13 06:57:17.294000,125.0,1.0,125.5,3.0,124.5,1.0,126.0,6.0,124.1,1.0,126.15,1.0,124.0,1.0,127.0,1.0,123.97,1.0,128.0,5.0,123.94,1.0,130.0,1.0,123.8,1.0,131.0,2.0,123.4,5.0,132.0,2.0,122.0,1.0,132.24,1.0,121.4,5.0,,
