,key,Datetime,BidPrice_0,BidVolume_0,AskPrice_0,AskVolume_0,BidPrice_1,BidVolume_1,AskPrice_1,AskVolume_1,BidPrice_2,BidVolume_2,AskPrice_2,AskVolume_2,BidPrice_3,BidVolume_3,AskPrice_3,AskVolume_3,BidPrice_4,BidVolume_4,AskPrice_4,AskVolume_4,BidPrice_5,BidVolume_5,AskPrice_5,AskVolume_5,BidPrice_6,BidVolume_6,AskPrice_6,AskVolume_6,BidPrice_7,BidVolume_7,AskPrice_7,AskVolume_7,BidPrice_8,BidVolume_8,AskPrice_8,AskVolume_8,BidPrice_9,BidVolume_9,AskPrice_9,AskVolume_9
0,Germany_Baseload#19#0#10000106,2021-10-25 06:00:03.032000,120.0,1.0,,,52.0,1.0,,,48.0,3.0,,,,,,,,,,,,,,,,,,,,,,,,,,,,,,
1,Germany_Baseload#19#0#10000106,2021-10-25 06:00:03.033000,120.0,1.0,125.2,5.0,52.0,1.0,126.9,5.0,48.0,3.0,132.0,1.0,,,,,,,,,,,,,,,,,,,,,,,,,,,,
2,Germany_Baseload#19#0#10000106,2021-10-25 06:00:45.430000,120.0,1.0,125.2,5.0,52.0,1.0,125.4,1.0,48.0,3.0,126.9,5.0,,,132.0,1.0,,,,,,,,,,,,,,,,,,,,,,,,
3,Germany_Baseload#19#0#10000106,2021-10-25 06:00:50.214000,120.5,1.0,125.2,5.0,120.0,1.0,125.4,1.0,52.0,1.0,126.9,5.0,48.0,3.0,132.0,1.0,,,,,,,,,,,,,,,,,,,,,,,,
4,Germany_Baseload#19#0#10000106,2021-10-25 06:01:28.942000,120.5,1.0,125.2,5.0,120.0,1.0,126.4,1.0,52.0,1.0,126.9,5.0,48.0,3.0,132.0,1.0,,,,,,,,,,,,,,,,,,,,,,,,
5,Germany_Baseload#19#0#10000106,2021-10-25 06:04:26.154000,120.5,1.0,125.2,5.0,52.0,1.0,126.4,1.0,48.0,3.0,126.9,5.0,,,132.0,1.0,,,,,,,,,,,,,,,,,,,,,,,,
6,Germany_Baseload#19#0#10000106,2021-10-25 06:04:26.196000,121.0,1.0,125.2,5.0,120.5,1.0,126.4,1.0,52.0,1.0,126.9,5.0,48.0,3.0,132.0,1.0,,,,,,,,,,,,,,,,,,,,,,,,
7,Germany_Baseload#19#0#10000106,2021-10-25 06:05:42.114000,121.0,2.0,125.2,5.0,120.5,1.0,126.4,1.0,52.0,1.0,126.9,5.0,48.0,3.0,132.0,1.0,,,,,,,,,,,,,,,,,,,,,,,,
8,Germany_Baseload#19#0#10000106,2021-10-25 06:10:03.260000,121.5,1.0,125.2,5.0,121.0,2.0,126.4,1.0,120.5,1.0,126.9,5.0,52.0,1.0,132.0,1.0,48.0,3.0,,,,,,,,,,,,,,,,,,,,,,
9,Germany_Baseload#19#0#10000106,2021-10-25 06:10:20.709000,121.5,1.0,125.2,5.0,121.0,2.0,125.9,1.0,120.5,1.0,126.9,5.0,52.0,1.0,132.0,1.0,48.0,3.0,,,,,,,,,,,,,,,,,,,,,,
10,Germany_Baseload#19#0#10000106,2021-10-25 06:11:00.159000,121.5,1.0,125.2,5.0,121.0,1.0,125.9,1.0,120.5,1.0,126.9,5.0,52.0,1.0,132.0,1.0,48.0,3.0,,,,,,,,,,,,,,,,,,,,,,
11,Germany_Baseload#19#0#10000106,2021-10-25 06:11:00.175000,121.5,2.0,125.2,5.0,121.0,1.0,125.9,1.0,120.5,1.0,126.9,5.0,52.0,1.0,132.0,1.0,48.0,3.0,,,,,,,,,,,,,,,,,,,,,,
12,Germany_Baseload#19#0#10000106,2021-10-25 06:13:49.551000,121.5,3.0,125.2,5.0,121.0,1.0,125.9,1.0,120.5,1.0,126.9,5.0,52.0,1.0,132.0,1.0,48.0,3.0,,,,,,,,,,,,,,,,,,,,,,
13,Germany_Baseload#19#0#10000106,2021-10-25 06:21:41.700000,121.5,3.0,125.2,5.0,120.5,1.0,125.9,1.0,52.0,1.0,126.9,5.0,48.0,3.0,132.0,1.0,,,,,,,,,,,,,,,,,,,,,,,,
14,Germany_Baseload#19#0#10000106,2021-10-25 06:21:51.516000,121.5,3.0,125.0,1.0,120.5,1.0,125.2,5.0,52.0,1.0,125.9,1.0,48.0,3.0,126.9,5.0,,,132.0,1.0,,,,,,,,,,,,,,,,,,,,
15,Germany_Baseload#19#0#10000106,2021-10-25 06:31:06.441000,121.5,3.0,125.0,1.0,120.5,1.0,125.2,5.0,120.0,5.0,125.9,1.0,52.0,1.0,126.9,5.0,48.0,3.0,132.0,1.0,,,,,,,,,,,,,,,,,,,,
16,Germany_Baseload#19#0#10000106,2021-10-25 06:40:47.422000,121.5,3.0,125.0,1.0,120.5,1.0,125.2,5.0,120.0,5.0,125.9,1.0,52.0,1.0,126.9,5.0,48.0,3.0,130.0,1.0,,,132.0,1.0,,,,,,,,,,,,,,,,
17,Germany_Baseload#19#0#10000106,2021-10-25 06:47:10.520000,121.5,3.0,125.0,1.0,121.47,1.0,125.2,5.0,120.5,1.0,125.9,1.0,120.0,5.0,126.9,5.0,52.0,1.0,130.0,1.0,48.0,3.0,132.0,1.0,,,,,,,,,,,,,,,,
18,Germany_Baseload#19#0#10000106,2021-10-25 06:47:10.536000,121.5,3.0,125.0,1.0,121.47,2.0,125.2,5.0,120.5,1.0,125.9,1.0,120.0,5.0,126.9,5.0,52.0,1.0,130.0,1.0,48.0,3.0,132.0,1.0,,,,,,,,,,,,,,,,
19,Germany_Baseload#19#0#10000106,2021-10-25 06:47:51.124000,121.5,2.0,125.0,1.0,121.47,2.0,125.2,5.0,120.5,1.0,125.9,1.0,120.0,5.0,126.9,5.0,52.0,1.0,130.0,1.0,48.0,3.0,132.0,1.0,,,,,,,,,,,,,,,,
20,Germany_Baseload#19#0#10000106,2021-10-25 06:54:28.784000,122.0,2.0,125.0,1.0,121.5,2.0,125.2,5.0,121.47,2.0,125.9,1.0,120.5,1.0,126.9,5.0,120.0,5.0,130.0,1.0,52.0,1.0,132.0,1.0,48.0,3.0,,,,,,,,,,,,,,
21,Germany_Baseload#19#0#10000106,2021-10-25 07:03:39.297000,122.0,2.0,125.2,5.0,121.5,2.0,125.9,1.0,121.47,2.0,126.9,5.0,120.5,1.0,130.0,1.0,120.0,5.0,132.0,1.0,52.0,1.0,,,48.0,3.0,,,,,,,,,,,,,,
22,Germany_Baseload#19#0#10000106,2021-10-25 07:03:39.300000,122.0,2.0,125.2,5.0,121.5,2.0,125.9,1.0,121.47,2.0,126.9,5.0,120.5,1.0,130.0,1.0,120.0,5.0,,,52.0,1.0,,,48.0,3.0,,,,,,,,,,,,,,
23,Germany_Baseload#19#0#10000106,2021-10-25 07:06:30.475000,122.0,2.0,125.2,5.0,121.5,1.0,125.9,1.0,121.47,2.0,126.9,5.0,120.5,1.0,130.0,1.0,120.0,5.0,,,52.0,1.0,,,48.0,3.0,,,,,,,,,,,,,,
24,Germany_Baseload#19#0#10000106,2021-10-25 07:07:47.432000,122.0,2.0,125.0,1.0,121.5,1.0,125.2,5.0,121.47,2.0,125.9,1.0,120.5,1.0,126.9,5.0,120.0,5.0,130.0,1.0,52.0,1.0,,,48.0,3.0,,,,,,,,,,,,,,
25,Germany_Baseload#19#0#10000106,2021-10-25 07:10:30.282000,122.5,1.0,125.0,1.0,122.0,2.0,125.2,5.0,121.5,1.0,125.9,1.0,121.47,2.0,126.9,5.0,120.5,1.0,130.0,1.0,120.0,5.0,,,52.0,1.0,,,48.0,3.0,,,,,,,,,,
26,Germany_Baseload#19#0#10000106,2021-10-25 07:10:30.283000,122.5,1.0,125.0,1.0,122.0,2.0,125.2,5.0,121.5,1.0,125.9,1.0,121.47,2.0,126.9,5.0,120.5,1.0,130.0,1.0,120.0,5.0,,,52.0,1.0,,,48.0,3.0,,,,,,,,,,
27,Germany_Baseload#19#0#10000106,2021-10-25 07:12:49.128000,122.5,1.0,125.0,2.0,122.0,2.0,125.2,5.0,121.5,1.0,125.9,1.0,121.47,2.0,126.9,5.0,120.5,1.0,130.0,1.0,120.0,5.0,,,52.0,1.0,,,48.0,3.0,,,,,,,,,,
28,Germany_Baseload#19#0#10000106,2021-10-25 07:14:52.281000,122.5,1.0,125.0,1.0,122.0,2.0,125.2,1.0,121.5,1.0,125.9,1.0,121.47,2.0,126.9,5.0,120.5,1.0,130.0,1.0,120.0,5.0,,,52.0,1.0,,,48.0,3.0,,,,,,,,,,
29,Germany_Baseload#19#0#10000106,2021-10-25 07:15:50.245000,122.5,1.0,125.0,1.0,122.0,2.0,125.2,1.0,121.5,1.0,125.9,1.0,121.47,2.0,126.9,5.0,121.0,1.0,130.0,1.0,120.5,1.0,,,120.0,5.0,,,52.0,1.0,,,48.0,3.0,,,,,,
30,Germany_Baseload#19#0#10000106,2021-10-25 07:15:58.011000,122.5,1.0,125.0,1.0,122.0,2.0,125.2,1.0,121.5,1.0,125.9,1.0,121.47,2.0,126.9,5.0,120.5,1.0,130.0,1.0,120.0,5.0,,,52.0,1.0,,,48.0,3.0,,,,,,,,,,
31,Germany_Baseload#19#0#10000106,2021-10-25 07:16:03.621000,122.5,1.0,125.0,1.0,122.0,2.0,125.2,1.0,121.5,1.0,125.9,1.0,121.47,2.0,126.9,5.0,120.5,1.0,130.0,1.0,120.0,5.0,,,52.0,1.0,,,48.0,3.0,,,,,,,,,,
32,Germany_Baseload#19#0#10000106,2021-10-25 07:16:24.255000,122.5,1.0,125.0,7.0,122.0,2.0,125.2,1.0,121.5,1.0,125.9,1.0,121.47,2.0,126.9,5.0,120.5,1.0,130.0,1.0,120.0,5.0,,,52.0,1.0,,,48.0,3.0,,,,,,,,,,
33,Germany_Baseload#19#0#10000106,2021-10-25 07:16:55.182000,122.5,1.0,125.0,7.0,122.0,2.0,125.2,1.0,121.5,1.0,125.9,1.0,121.47,2.0,126.9,5.0,120.5,1.0,130.0,1.0,120.0,5.0,,,52.0,1.0,,,48.0,3.0,,,,,,,,,,
34,Germany_Baseload#19#0#10000106,2021-10-25 07:16:55.198000,122.5,1.0,125.0,7.0,122.0,2.0,125.2,1.0,121.5,1.0,125.9,1.0,121.47,2.0,126.9,5.0,120.5,1.0,130.0,1.0,120.0,5.0,,,52.0,1.0,,,48.0,3.0,,,,,,,,,,
35,Germany_Baseload#19#0#10000106,2021-10-25 07:17:32.531000,122.5,1.0,125.0,8.0,122.0,2.0,125.2,5.0,121.5,1.0,125.9,1.0,121.47,2.0,126.9,5.0,120.5,1.0,130.0,1.0,120.0,5.0,,,52.0,1.0,,,48.0,3.0,,,,,,,,,,
36,Germany_Baseload#19#0#10000106,2021-10-25 07:17:59.708000,122.5,2.0,125.0,8.0,122.0,2.0,125.2,5.0,121.5,1.0,125.9,1.0,121.47,2.0,126.9,5.0,120.5,1.0,130.0,1.0,120.0,5.0,,,52.0,1.0,,,48.0,3.0,,,,,,,,,,
37,Germany_Baseload#19#0#10000106,2021-10-25 07:19:01.728000,122.5,2.0,125.0,8.0,122.0,1.0,125.2,5.0,121.5,1.0,125.9,1.0,121.47,2.0,126.9,5.0,120.5,1.0,130.0,1.0,120.0,5.0,,,52.0,1.0,,,48.0,3.0,,,,,,,,,,
38,Germany_Baseload#19#0#10000106,2021-10-25 07:21:09.695000,122.5,2.0,125.0,7.0,122.0,1.0,125.2,5.0,121.5,1.0,125.9,1.0,121.47,2.0,126.9,5.0,120.5,1.0,130.0,1.0,120.0,5.0,,,52.0,1.0,,,48.0,3.0,,,,,,,,,,
39,Germany_Baseload#19#0#10000106,2021-10-25 07:24:59.358000,122.5,2.0,125.0,7.0,122.0,1.0,125.2,5.0,121.5,1.0,125.9,1.0,121.47,2.0,126.9,5.0,121.4,1.0,130.0,1.0,120.5,1.0,,,120.0,5.0,,,52.0,1.0,,,48.0,3.0,,,,,,
40,Germany_Baseload#19#0#10000106,2021-10-25 07:25:19.090000,122.9,1.0,125.0,7.0,122.5,2.0,125.2,5.0,122.0,1.0,125.9,1.0,121.5,1.0,126.9,5.0,121.47,2.0,130.0,1.0,120.5,1.0,,,120.0,5.0,,,52.0,1.0,,,48.0,3.0,,,,,,
41,Germany_Baseload#19#0#10000106,2021-10-25 07:26:32.984000,123.0,1.0,125.0,7.0,122.9,1.0,125.2,5.0,122.5,2.0,125.9,1.0,122.0,1.0,126.9,5.0,121.5,1.0,130.0,1.0,121.47,2.0,,,120.5,1.0,,,120.0,5.0,,,52.0,1.0,,,48.0,3.0,,
42,Germany_Baseload#19#0#10000106,2021-10-25 07:32:20.945000,123.0,2.0,125.0,7.0,122.9,1.0,125.2,5.0,122.5,2.0,125.9,1.0,122.0,1.0,126.9,5.0,121.5,1.0,130.0,1.0,121.47,2.0,,,120.5,1.0,,,120.0,5.0,,,52.0,1.0,,,48.0,3.0,,
43,Germany_Baseload#19#0#10000106,2021-10-25 07:34:48.596000,123.0,1.0,125.0,7.0,122.9,1.0,125.2,5.0,122.5,2.0,125.9,1.0,122.0,1.0,126.9,5.0,121.5,1.0,130.0,1.0,121.47,2.0,,,120.5,1.0,,,120.0,5.0,,,52.0,1.0,,,48.0,3.0,,
44,Germany_Baseload#19#0#10000106,2021-10-25 07:34:48.597000,123.0,1.0,125.0,7.0,122.9,1.0,125.2,5.0,122.5,2.0,125.9,1.0,122.0,1.0,126.9,5.0,121.5,1.0,130.0,1.0,121.47,2.0,,,120.5,1.0,,,120.0,5.0,,,52.0,1.0,,,48.0,3.0,,
45,Germany_Baseload#19#0#10000106,2021-10-25 07:42:20.084000,123.0,1.0,125.0,6.0,122.9,1.0,125.2,5.0,122.5,2.0,125.9,1.0,122.0,1.0,126.9,5.0,121.5,1.0,130.0,1.0,121.47,2.0,,,120.5,1.0,,,120.0,5.0,,,52.0,1.0,,,48.0,3.0,,
46,Germany_Baseload#19#0#10000106,2021-10-25 07:42:47.193000,123.5,1.0,125.0,6.0,123.0,1.0,125.2,5.0,122.9,1.0,125.9,1.0,122.5,2.0,126.9,5.0,122.0,1.0,130.0,1.0,121.5,1.0,,,121.47,2.0,,,120.5,1.0,,,120.0,5.0,,,52.0,1.0,,
47,Germany_Baseload#19#0#10000106,2021-10-25 07:43:06.127000,123.5,1.0,125.0,6.0,123.0,1.0,125.2,5.0,122.9,1.0,125.9,1.0,122.5,2.0,126.9,5.0,122.0,1.0,127.0,1.0,121.5,1.0,130.0,1.0,121.47,2.0,,,120.5,1.0,,,120.0,5.0,,,52.0,1.0,,
48,Germany_Baseload#19#0#10000106,2021-10-25 07:43:18.210000,123.5,1.0,125.0,6.0,123.0,1.0,125.2,5.0,122.9,1.0,125.9,1.0,122.5,2.0,126.9,5.0,122.0,1.0,127.0,1.0,121.5,1.0,130.0,1.0,121.47,2.0,132.0,1.0,120.5,1.0,,,120.0,5.0,,,52.0,1.0,,
49,Germany_Baseload#19#0#10000106,2021-10-25 07:43:37.933000,123.5,1.0,125.0,6.0,123.0,1.0,125.1,1.0,122.9,1.0,125.2,5.0,122.5,2.0,125.9,1.0,122.0,1.0,126.9,5.0,121.5,1.0,127.0,1.0,121.47,2.0,130.0,1.0,120.5,1.0,132.0,1.0,120.0,5.0,,,52.0,1.0,,
50,Germany_Baseload#19#0#10000106,2021-10-25 07:45:07.071000,123.75,2.0,125.0,6.0,123.5,1.0,125.1,1.0,123.0,1.0,125.2,5.0,122.9,1.0,125.9,1.0,122.5,2.0,126.9,5.0,122.0,1.0,127.0,1.0,121.5,1.0,130.0,1.0,121.47,2.0,132.0,1.0,120.5,1.0,,,120.0,5.0,,
51,Germany_Baseload#19#0#10000106,2021-10-25 07:45:26.138000,123.75,2.0,125.0,6.0,123.65,2.0,125.1,1.0,123.5,1.0,125.2,5.0,123.0,1.0,125.9,1.0,122.5,2.0,126.9,5.0,122.0,1.0,127.0,1.0,121.5,1.0,130.0,1.0,121.47,2.0,132.0,1.0,120.5,1.0,,,120.0,5.0,,
52,Germany_Baseload#19#0#10000106,2021-10-25 07:45:47.090000,123.75,2.0,124.9,1.0,123.65,2.0,125.0,6.0,123.5,1.0,125.1,1.0,123.0,1.0,125.2,5.0,122.5,2.0,125.9,1.0,122.0,1.0,126.9,5.0,121.5,1.0,127.0,1.0,121.47,2.0,130.0,1.0,120.5,1.0,132.0,1.0,120.0,5.0,,
53,Germany_Baseload#19#0#10000106,2021-10-25 07:46:06.228000,123.75,2.0,124.9,1.0,123.65,2.0,125.0,1.0,123.5,1.0,125.1,1.0,123.0,1.0,125.2,5.0,122.5,2.0,125.9,1.0,122.0,1.0,126.9,5.0,121.5,1.0,127.0,1.0,121.47,2.0,130.0,1.0,120.5,1.0,132.0,1.0,120.0,5.0,,
54,Germany_Baseload#19#0#10000106,2021-10-25 07:49:20.726000,123.75,2.0,124.9,1.0,123.65,2.0,125.0,1.0,123.5,1.0,125.1,1.0,123.0,1.0,125.2,5.0,122.5,2.0,125.9,1.0,122.0,1.0,126.85,5.0,121.5,1.0,126.9,5.0,121.47,2.0,127.0,1.0,120.5,1.0,130.0,1.0,120.0,5.0,132.0,1.0
55,Germany_Baseload#19#0#10000106,2021-10-25 07:49:20.738000,123.75,2.0,124.9,1.0,123.65,2.0,125.0,1.0,123.5,1.0,125.1,1.0,123.0,1.0,125.2,5.0,122.5,2.0,125.9,1.0,122.0,1.0,126.85,5.0,121.85,5.0,126.9,5.0,121.5,1.0,127.0,1.0,121.47,2.0,130.0,1.0,120.5,1.0,132.0,1.0
56,Germany_Baseload#19#0#10000106,2021-10-25 07:50:10.588000,123.75,2.0,124.9,1.0,123.65,2.0,125.0,1.0,123.5,1.0,125.1,1.0,123.0,1.0,125.2,5.0,122.5,2.0,125.9,1.0,122.0,1.0,126.85,5.0,121.85,5.0,126.9,5.0,121.5,1.0,127.0,1.0,121.47,2.0,130.0,1.0,120.5,1.0,132.0,1.0
57,Germany_Baseload#19#0#10000106,2021-10-25 07:50:17.574000,123.75,2.0,125.0,1.0,123.65,2.0,125.1,1.0,123.5,1.0,125.2,5.0,123.0,1.0,125.9,1.0,122.5,2.0,126.85,5.0,122.0,1.0,126.9,5.0,121.85,5.0,127.0,1.0,121.5,1.0,130.0,1.0,121.47,2.0,132.0,1.0,120.5,1.0,,
58,Germany_Baseload#19#0#10000106,2021-10-25 07:50:17.669000,123.75,2.0,125.0,6.0,123.65,2.0,125.1,1.0,123.5,1.0,125.2,1.0,123.0,1.0,125.9,1.0,122.5,2.0,126.85,5.0,122.0,1.0,126.9,5.0,121.85,5.0,127.0,1.0,121.5,1.0,130.0,1.0,121.47,2.0,132.0,1.0,120.5,1.0,,
59,Germany_Baseload#19#0#10000106,2021-10-25 07:50:33.140000,124.5,2.0,125.0,6.0,123.65,2.0,125.1,1.0,123.5,1.0,125.2,1.0,123.0,1.0,125.9,1.0,122.5,2.0,126.85,5.0,122.0,1.0,126.9,5.0,121.85,5.0,127.0,1.0,121.5,1.0,130.0,1.0,121.47,2.0,132.0,1.0,120.5,1.0,,
60,Germany_Baseload#19#0#10000106,2021-10-25 07:50:50.824000,124.5,2.0,125.0,5.0,123.65,2.0,125.1,1.0,123.5,1.0,125.2,1.0,123.0,1.0,125.9,1.0,122.5,2.0,126.85,5.0,122.0,1.0,126.9,5.0,121.85,5.0,127.0,1.0,121.5,1.0,130.0,1.0,121.47,2.0,132.0,1.0,120.5,1.0,,
61,Germany_Baseload#19#0#10000106,2021-10-25 07:50:50.856000,124.5,2.0,124.95,1.0,123.65,2.0,125.0,5.0,123.5,1.0,125.1,1.0,123.0,1.0,125.2,1.0,122.5,2.0,125.9,1.0,122.0,1.0,126.85,5.0,121.85,5.0,126.9,5.0,121.5,1.0,127.0,1.0,121.47,2.0,130.0,1.0,120.5,1.0,132.0,1.0
62,Germany_Baseload#19#0#10000106,2021-10-25 07:50:55.051000,124.5,2.0,124.95,1.0,124.4,2.0,125.0,5.0,123.5,1.0,125.1,1.0,123.0,1.0,125.2,1.0,122.5,2.0,125.9,1.0,122.0,1.0,126.85,5.0,121.85,5.0,126.9,5.0,121.5,1.0,127.0,1.0,121.47,2.0,130.0,1.0,120.5,1.0,132.0,1.0
63,Germany_Baseload#19#0#10000106,2021-10-25 07:51:06.088000,124.5,2.0,124.95,1.0,124.4,2.0,125.0,5.0,123.5,1.0,125.05,1.0,123.0,1.0,125.1,1.0,122.5,2.0,125.2,5.0,122.0,1.0,125.9,1.0,121.85,5.0,126.85,5.0,121.5,1.0,126.9,5.0,121.47,2.0,127.0,1.0,120.5,1.0,130.0,1.0
64,Germany_Baseload#19#0#10000106,2021-10-25 07:51:23.300000,124.5,2.0,125.0,5.0,124.4,2.0,125.05,1.0,123.5,1.0,125.1,1.0,123.0,1.0,125.2,5.0,122.5,2.0,125.9,1.0,122.0,1.0,126.85,5.0,121.85,5.0,126.9,5.0,121.5,1.0,127.0,1.0,121.47,2.0,130.0,1.0,120.5,1.0,132.0,1.0
65,Germany_Baseload#19#0#10000106,2021-10-25 07:51:23.392000,124.5,2.0,125.0,5.0,124.4,2.0,125.1,5.0,123.5,1.0,125.2,5.0,123.0,1.0,125.9,1.0,122.5,2.0,126.85,5.0,122.0,1.0,126.9,5.0,121.85,5.0,127.0,1.0,121.5,1.0,130.0,1.0,121.47,2.0,132.0,1.0,120.5,1.0,,
66,Germany_Baseload#19#0#10000106,2021-10-25 07:51:23.431000,124.5,2.0,125.0,5.0,124.4,2.0,125.1,10.0,123.5,1.0,125.2,5.0,123.0,1.0,125.9,1.0,122.5,2.0,126.85,5.0,122.0,1.0,126.9,5.0,121.85,5.0,127.0,1.0,121.5,1.0,130.0,1.0,121.47,2.0,132.0,1.0,120.5,1.0,,
67,Germany_Baseload#19#0#10000106,2021-10-25 07:51:47.123000,124.5,2.0,125.0,5.0,124.4,2.0,125.1,10.0,123.5,1.0,125.2,5.0,123.0,1.0,125.9,1.0,122.5,2.0,126.85,5.0,122.0,1.0,126.9,5.0,121.85,5.0,127.0,1.0,121.5,1.0,130.0,1.0,121.47,2.0,132.0,1.0,120.5,1.0,,
68,Germany_Baseload#19#0#10000106,2021-10-25 07:51:52.010000,124.5,2.0,124.95,1.0,124.4,2.0,125.0,5.0,123.5,1.0,125.1,10.0,123.0,1.0,125.2,5.0,122.5,2.0,125.9,1.0,122.0,1.0,126.85,5.0,121.85,5.0,126.9,5.0,121.5,1.0,127.0,1.0,121.47,2.0,130.0,1.0,120.5,1.0,132.0,1.0
69,Germany_Baseload#19#0#10000106,2021-10-25 07:51:52.102000,124.5,2.0,124.95,1.0,124.4,2.0,125.0,5.0,123.5,1.0,125.1,1.0,123.0,1.0,125.2,5.0,122.5,2.0,125.9,1.0,122.0,1.0,126.85,5.0,121.85,5.0,126.9,5.0,121.5,1.0,127.0,1.0,121.47,2.0,130.0,1.0,120.5,1.0,132.0,1.0
70,Germany_Baseload#19#0#10000106,2021-10-25 07:51:52.125000,124.5,2.0,124.95,2.0,124.4,2.0,125.0,5.0,123.5,1.0,125.1,1.0,123.0,1.0,125.2,5.0,122.5,2.0,125.9,1.0,122.0,1.0,126.85,5.0,121.85,5.0,126.9,5.0,121.5,1.0,127.0,1.0,121.47,2.0,130.0,1.0,120.5,1.0,132.0,1.0
71,Germany_Baseload#19#0#10000106,2021-10-25 07:51:52.120000,124.5,2.0,124.95,1.0,124.4,2.0,125.0,5.0,123.5,1.0,125.1,1.0,123.0,1.0,125.2,5.0,122.5,2.0,125.9,1.0,122.0,1.0,126.85,5.0,121.85,5.0,126.9,5.0,121.5,1.0,127.0,1.0,121.47,2.0,130.0,1.0,120.5,1.0,132.0,1.0
72,Germany_Baseload#19#0#10000106,2021-10-25 07:51:54.077000,124.5,2.0,125.0,5.0,124.4,2.0,125.1,1.0,123.5,1.0,125.2,5.0,123.0,1.0,125.9,1.0,122.5,2.0,126.85,5.0,122.0,1.0,126.9,5.0,121.85,5.0,127.0,1.0,121.5,1.0,130.0,1.0,121.47,2.0,132.0,1.0,120.5,1.0,,
73,Germany_Baseload#19#0#10000106,2021-10-25 07:51:57.924000,124.9,1.0,125.0,5.0,124.4,2.0,125.1,1.0,123.5,1.0,125.2,5.0,123.0,1.0,125.9,1.0,122.5,2.0,126.85,5.0,122.0,1.0,126.9,5.0,121.85,5.0,127.0,1.0,121.5,1.0,130.0,1.0,121.47,2.0,132.0,1.0,120.5,1.0,,
74,Germany_Baseload#19#0#10000106,2021-10-25 07:51:58.011000,124.9,1.0,125.0,5.0,124.4,1.0,125.1,1.0,123.5,1.0,125.2,5.0,123.0,1.0,125.9,1.0,122.5,2.0,126.85,5.0,122.0,1.0,126.9,5.0,121.85,5.0,127.0,1.0,121.5,1.0,130.0,1.0,121.47,2.0,132.0,1.0,120.5,1.0,,
75,Germany_Baseload#19#0#10000106,2021-10-25 07:52:00.868000,124.9,1.0,125.1,1.0,124.4,1.0,125.2,5.0,123.5,1.0,125.9,1.0,123.0,1.0,126.85,5.0,122.5,2.0,126.9,5.0,122.0,1.0,127.0,1.0,121.85,5.0,130.0,1.0,121.5,1.0,132.0,1.0,121.47,2.0,,,120.5,1.0,,
76,Germany_Baseload#19#0#10000106,2021-10-25 07:52:00.963000,124.9,1.0,125.1,1.0,124.4,1.0,125.2,1.0,123.5,1.0,125.9,1.0,123.0,1.0,126.85,5.0,122.5,2.0,126.9,5.0,122.0,1.0,127.0,1.0,121.85,5.0,130.0,1.0,121.5,1.0,132.0,1.0,121.47,2.0,,,120.5,1.0,,
77,Germany_Baseload#19#0#10000106,2021-10-25 07:52:02.339000,124.9,1.0,125.1,1.0,124.4,1.0,125.2,1.0,123.5,1.0,125.9,1.0,123.0,1.0,126.85,5.0,122.5,2.0,126.9,5.0,122.0,1.0,130.0,1.0,121.85,5.0,132.0,1.0,121.5,1.0,,,121.47,2.0,,,120.5,1.0,,
78,Germany_Baseload#19#0#10000106,2021-10-25 07:52:02.366000,124.9,1.0,125.1,1.0,124.4,1.0,125.2,1.0,123.5,1.0,125.9,1.0,123.0,1.0,126.0,1.0,122.5,2.0,126.85,5.0,122.0,1.0,126.9,5.0,121.85,5.0,130.0,1.0,121.5,1.0,132.0,1.0,121.47,2.0,,,120.5,1.0,,
79,Germany_Baseload#19#0#10000106,2021-10-25 07:52:11.207000,124.9,1.0,125.1,1.0,124.4,1.0,125.2,1.0,123.5,1.0,125.5,1.0,123.0,1.0,125.9,1.0,122.5,2.0,126.0,1.0,122.0,1.0,126.85,5.0,121.85,5.0,126.9,5.0,121.5,1.0,130.0,1.0,121.47,2.0,132.0,1.0,120.5,1.0,,
80,Germany_Baseload#19#0#10000106,2021-10-25 07:52:13.416000,124.9,1.0,125.1,1.0,124.8,1.0,125.2,1.0,123.5,1.0,125.5,1.0,123.0,1.0,125.9,1.0,122.5,2.0,126.0,1.0,122.0,1.0,126.85,5.0,121.85,5.0,126.9,5.0,121.5,1.0,130.0,1.0,121.47,2.0,132.0,1.0,120.5,1.0,,
81,Germany_Baseload#19#0#10000106,2021-10-25 07:52:29.588000,124.9,1.0,125.0,1.0,124.8,1.0,125.1,1.0,123.5,1.0,125.2,1.0,123.0,1.0,125.5,1.0,122.5,2.0,125.9,1.0,122.0,1.0,126.0,1.0,121.85,5.0,126.85,5.0,121.5,1.0,126.9,5.0,121.47,2.0,130.0,1.0,120.5,1.0,132.0,1.0
82,Germany_Baseload#19#0#10000106,2021-10-25 07:52:41.055000,124.9,1.0,125.0,1.0,124.8,1.0,125.2,6.0,123.5,1.0,125.5,1.0,123.0,1.0,125.9,1.0,122.5,2.0,126.0,1.0,122.0,1.0,126.85,5.0,121.85,5.0,126.9,5.0,121.5,1.0,130.0,1.0,121.47,2.0,132.0,1.0,120.5,1.0,,
83,Germany_Baseload#19#0#10000106,2021-10-25 07:52:41.305000,124.9,1.0,125.0,1.0,124.8,1.0,125.2,6.0,123.5,1.0,125.3,1.0,123.0,1.0,125.5,1.0,122.5,2.0,125.9,1.0,122.0,1.0,126.0,1.0,121.85,5.0,126.85,5.0,121.5,1.0,126.9,5.0,121.47,2.0,130.0,1.0,120.5,1.0,132.0,1.0
84,Germany_Baseload#19#0#10000106,2021-10-25 07:52:43.289000,124.9,1.0,125.2,6.0,124.8,1.0,125.3,1.0,123.5,1.0,125.5,1.0,123.0,1.0,125.9,1.0,122.5,2.0,126.0,1.0,122.0,1.0,126.85,5.0,121.85,5.0,126.9,5.0,121.5,1.0,130.0,1.0,121.47,2.0,132.0,1.0,120.5,1.0,,
85,Germany_Baseload#19#0#10000106,2021-10-25 07:52:54.696000,124.9,1.0,125.2,6.0,124.8,1.0,125.3,1.0,123.5,1.0,125.5,2.0,123.0,1.0,125.9,1.0,122.5,2.0,126.0,1.0,122.0,1.0,126.85,5.0,121.85,5.0,126.9,5.0,121.5,1.0,130.0,1.0,121.47,2.0,132.0,1.0,120.5,1.0,,
86,Germany_Baseload#19#0#10000106,2021-10-25 07:53:07.745000,124.9,1.0,125.2,6.0,124.8,1.0,125.3,1.0,123.5,1.0,125.5,1.0,123.0,1.0,125.9,1.0,122.5,2.0,126.0,1.0,122.0,1.0,126.85,5.0,121.85,5.0,126.9,5.0,121.5,1.0,130.0,1.0,121.47,2.0,132.0,1.0,120.5,1.0,,
87,Germany_Baseload#19#0#10000106,2021-10-25 07:53:25.567000,124.9,1.0,125.15,1.0,124.8,1.0,125.2,6.0,123.5,1.0,125.3,1.0,123.0,1.0,125.5,1.0,122.5,2.0,125.9,1.0,122.0,1.0,126.0,1.0,121.85,5.0,126.85,5.0,121.5,1.0,126.9,5.0,121.47,2.0,130.0,1.0,120.5,1.0,132.0,1.0
88,Germany_Baseload#19#0#10000106,2021-10-25 07:53:36.036000,124.9,1.0,125.1,1.0,124.8,1.0,125.15,1.0,123.5,1.0,125.2,6.0,123.0,1.0,125.3,1.0,122.5,2.0,125.5,1.0,122.0,1.0,125.9,1.0,121.85,5.0,126.0,1.0,121.5,1.0,126.85,5.0,121.47,2.0,126.9,5.0,120.5,1.0,130.0,1.0
89,Germany_Baseload#19#0#10000106,2021-10-25 07:53:51.095000,124.9,1.0,125.1,1.0,124.8,1.0,125.15,1.0,123.5,1.0,125.2,1.0,123.0,1.0,125.5,1.0,122.5,2.0,125.9,1.0,122.0,1.0,126.0,1.0,121.85,5.0,126.85,5.0,121.5,1.0,126.9,5.0,121.47,2.0,130.0,1.0,120.5,1.0,132.0,1.0
90,Germany_Baseload#19#0#10000106,2021-10-25 07:53:57.083000,124.9,1.0,125.1,1.0,124.8,1.0,125.15,1.0,123.5,1.0,125.2,1.0,123.0,1.0,125.25,5.0,122.5,2.0,125.5,1.0,122.0,1.0,125.9,1.0,121.85,5.0,126.0,1.0,121.5,1.0,126.85,5.0,121.47,2.0,126.9,5.0,120.5,1.0,130.0,1.0
91,Germany_Baseload#19#0#10000106,2021-10-25 07:54:17.055000,124.9,1.0,125.1,2.0,124.8,1.0,125.15,1.0,123.5,1.0,125.2,1.0,123.0,1.0,125.25,5.0,122.5,2.0,125.5,1.0,122.0,1.0,125.9,1.0,121.85,5.0,126.0,1.0,121.5,1.0,126.85,5.0,121.47,2.0,126.9,5.0,120.5,1.0,130.0,1.0
92,Germany_Baseload#19#0#10000106,2021-10-25 07:54:17.055000,124.9,1.0,125.1,2.0,124.8,1.0,125.15,1.0,123.5,1.0,125.2,5.0,123.0,1.0,125.25,5.0,122.5,2.0,125.5,1.0,122.0,1.0,125.9,1.0,121.85,5.0,126.0,1.0,121.5,1.0,126.85,5.0,121.47,2.0,126.9,5.0,120.5,1.0,130.0,1.0
93,Germany_Baseload#19#0#10000106,2021-10-25 07:54:27.810000,124.9,1.0,125.1,1.0,124.8,1.0,125.15,1.0,123.5,1.0,125.2,5.0,123.0,1.0,125.25,5.0,122.5,2.0,125.5,1.0,122.0,1.0,125.9,1.0,121.85,5.0,126.0,1.0,121.5,1.0,126.85,5.0,121.47,2.0,126.9,5.0,120.5,1.0,130.0,1.0
94,Germany_Baseload#19#0#10000106,2021-10-25 07:54:30.734000,124.9,1.0,125.1,1.0,124.8,1.0,125.2,5.0,123.5,1.0,125.25,5.0,123.0,1.0,125.5,1.0,122.5,2.0,125.9,1.0,122.0,1.0,126.0,1.0,121.85,5.0,126.85,5.0,121.5,1.0,126.9,5.0,121.47,2.0,130.0,1.0,120.5,1.0,132.0,1.0
95,Germany_Baseload#19#0#10000106,2021-10-25 07:54:31.871000,124.9,1.0,125.1,1.0,124.8,1.0,125.2,5.0,123.5,1.0,125.25,5.0,123.0,1.0,125.5,1.0,122.5,1.0,125.9,1.0,122.0,1.0,126.0,1.0,121.85,5.0,126.85,5.0,121.5,1.0,126.9,5.0,121.47,2.0,130.0,1.0,120.5,1.0,132.0,1.0
96,Germany_Baseload#19#0#10000106,2021-10-25 07:54:31.903000,124.9,1.0,125.1,1.0,124.8,1.0,125.2,5.0,123.5,1.0,125.25,5.0,123.0,1.0,125.5,1.0,122.5,1.0,125.9,1.0,122.47,2.0,126.0,1.0,122.0,1.0,126.85,5.0,121.85,5.0,126.9,5.0,121.5,1.0,130.0,1.0,120.5,1.0,132.0,1.0
97,Germany_Baseload#19#0#10000106,2021-10-25 07:54:31.913000,124.9,1.0,125.1,1.0,124.8,1.0,125.2,5.0,123.5,1.0,125.25,5.0,123.0,1.0,125.5,1.0,122.5,1.0,125.9,1.0,122.0,1.0,126.0,1.0,121.85,5.0,126.85,5.0,121.5,1.0,126.9,5.0,121.47,1.0,130.0,1.0,120.5,1.0,132.0,1.0
98,Germany_Baseload#19#0#10000106,2021-10-25 07:54:31.915000,124.9,1.0,125.1,1.0,124.8,1.0,125.2,5.0,123.5,1.0,125.25,5.0,123.0,1.0,125.5,1.0,122.5,1.0,125.9,1.0,122.0,1.0,126.0,1.0,121.85,5.0,126.85,5.0,121.5,1.0,126.9,5.0,120.5,1.0,130.0,1.0,120.0,5.0,132.0,1.0
99,Germany_Baseload#19#0#10000106,2021-10-25 07:54:39.410000,124.91,1.0,125.1,1.0,124.9,1.0,125.2,5.0,124.8,1.0,125.25,5.0,123.5,1.0,125.5,1.0,123.0,1.0,125.9,1.0,122.5,1.0,126.0,1.0,122.47,2.0,126.85,5.0,122.0,1.0,126.9,5.0,121.85,5.0,130.0,1.0,121.5,1.0,132.0,1.0
100,Germany_Baseload#19#0#10000106,2021-10-25 07:54:54.123000,124.91,1.0,125.2,6.0,124.9,1.0,125.25,5.0,124.8,1.0,125.5,1.0,123.5,1.0,125.9,1.0,123.0,1.0,126.0,1.0,122.5,1.0,126.85,5.0,122.47,2.0,126.9,5.0,122.0,1.0,130.0,1.0,121.85,5.0,132.0,1.0,121.5,1.0,,
101,Germany_Baseload#19#0#10000106,2021-10-25 07:54:54.227000,124.91,1.0,125.2,6.0,124.9,1.0,125.25,5.0,124.8,1.0,125.3,1.0,123.5,1.0,125.5,1.0,123.0,1.0,125.9,1.0,122.5,1.0,126.0,1.0,122.47,2.0,126.85,5.0,122.0,1.0,126.9,5.0,121.85,5.0,130.0,1.0,121.5,1.0,132.0,1.0
102,Germany_Baseload#19#0#10000106,2021-10-25 07:54:56.819000,124.91,1.0,125.1,1.0,124.9,1.0,125.2,6.0,124.8,1.0,125.25,5.0,123.5,1.0,125.3,1.0,123.0,1.0,125.5,1.0,122.5,1.0,125.9,1.0,122.47,2.0,126.0,1.0,122.0,1.0,126.85,5.0,121.85,5.0,126.9,5.0,121.5,1.0,130.0,1.0
103,Germany_Baseload#19#0#10000106,2021-10-25 07:54:57.036000,124.9,1.0,125.1,1.0,124.8,1.0,125.2,6.0,123.5,1.0,125.25,5.0,123.0,1.0,125.3,1.0,122.5,1.0,125.5,1.0,122.47,2.0,125.9,1.0,122.0,1.0,126.0,1.0,121.85,5.0,126.85,5.0,121.5,1.0,126.9,5.0,120.5,1.0,130.0,1.0
104,Germany_Baseload#19#0#10000106,2021-10-25 07:55:06.313000,124.9,1.0,125.2,6.0,124.8,1.0,125.25,5.0,123.5,1.0,125.3,1.0,123.0,1.0,125.5,1.0,122.5,1.0,125.9,1.0,122.47,2.0,126.0,1.0,122.0,1.0,126.85,5.0,121.85,5.0,126.9,5.0,121.5,1.0,130.0,1.0,120.5,1.0,132.0,1.0
105,Germany_Baseload#19#0#10000106,2021-10-25 07:55:07.617000,124.9,1.0,125.1,1.0,124.8,1.0,125.2,6.0,123.5,1.0,125.25,5.0,123.0,1.0,125.3,1.0,122.5,1.0,125.5,1.0,122.47,2.0,125.9,1.0,122.0,1.0,126.0,1.0,121.85,5.0,126.85,5.0,121.5,1.0,126.9,5.0,120.5,1.0,130.0,1.0
106,Germany_Baseload#19#0#10000106,2021-10-25 07:55:12.407000,124.9,2.0,125.1,1.0,124.8,1.0,125.2,6.0,123.5,1.0,125.25,5.0,123.0,1.0,125.3,1.0,122.5,1.0,125.5,1.0,122.47,2.0,125.9,1.0,122.0,1.0,126.0,1.0,121.85,5.0,126.85,5.0,121.5,1.0,126.9,5.0,120.5,1.0,130.0,1.0
107,Germany_Baseload#19#0#10000106,2021-10-25 07:55:21.624000,124.9,2.0,125.1,1.0,124.8,1.0,125.2,5.0,123.5,1.0,125.25,5.0,123.0,1.0,125.3,1.0,122.5,1.0,125.5,1.0,122.47,2.0,125.9,1.0,122.0,1.0,126.0,1.0,121.85,5.0,126.85,5.0,121.5,1.0,126.9,5.0,120.5,1.0,130.0,1.0
108,Germany_Baseload#19#0#10000106,2021-10-25 07:55:24.081000,124.9,2.0,125.1,1.0,124.8,1.0,125.2,6.0,123.5,1.0,125.25,5.0,123.0,1.0,125.5,1.0,122.5,1.0,125.9,1.0,122.47,2.0,126.0,1.0,122.0,1.0,126.85,5.0,121.85,5.0,126.9,5.0,121.5,1.0,130.0,1.0,120.5,1.0,132.0,1.0
109,Germany_Baseload#19#0#10000106,2021-10-25 07:55:24.877000,124.9,1.0,125.1,1.0,124.8,1.0,125.2,6.0,123.5,1.0,125.25,5.0,123.0,1.0,125.5,1.0,122.5,1.0,125.9,1.0,122.47,2.0,126.0,1.0,122.0,1.0,126.85,5.0,121.85,5.0,126.9,5.0,121.5,1.0,130.0,1.0,120.5,1.0,132.0,1.0
110,Germany_Baseload#19#0#10000106,2021-10-25 07:55:45.483000,124.91,1.0,125.1,1.0,124.9,1.0,125.2,6.0,124.8,1.0,125.25,5.0,123.5,1.0,125.5,1.0,123.0,1.0,125.9,1.0,122.5,1.0,126.0,1.0,122.47,2.0,126.85,5.0,122.0,1.0,126.9,5.0,121.85,5.0,130.0,1.0,121.5,1.0,132.0,1.0
111,Germany_Baseload#19#0#10000106,2021-10-25 07:55:53.468000,124.9,1.0,125.1,1.0,124.8,1.0,125.2,6.0,123.5,1.0,125.25,5.0,123.0,1.0,125.5,1.0,122.5,1.0,125.9,1.0,122.47,2.0,126.0,1.0,122.0,1.0,126.85,5.0,121.85,5.0,126.9,5.0,121.5,1.0,130.0,1.0,120.5,1.0,132.0,1.0
112,Germany_Baseload#19#0#10000106,2021-10-25 07:55:59.692000,124.9,1.0,125.1,2.0,124.8,1.0,125.2,6.0,123.5,1.0,125.25,5.0,123.0,1.0,125.5,1.0,122.5,1.0,125.9,1.0,122.47,2.0,126.0,1.0,122.0,1.0,126.85,5.0,121.85,5.0,126.9,5.0,121.5,1.0,130.0,1.0,120.5,1.0,132.0,1.0
113,Germany_Baseload#19#0#10000106,2021-10-25 07:56:07.135000,124.9,2.0,125.1,2.0,124.8,1.0,125.2,6.0,123.5,1.0,125.25,5.0,123.0,1.0,125.5,1.0,122.5,1.0,125.9,1.0,122.47,2.0,126.0,1.0,122.0,1.0,126.85,5.0,121.85,5.0,126.9,5.0,121.5,1.0,130.0,1.0,120.5,1.0,132.0,1.0
114,Germany_Baseload#19#0#10000106,2021-10-25 07:56:23.589000,124.9,1.0,125.1,2.0,124.8,1.0,125.2,6.0,123.5,1.0,125.25,5.0,123.0,1.0,125.5,1.0,122.5,1.0,125.9,1.0,122.47,2.0,126.0,1.0,122.0,1.0,126.85,5.0,121.85,5.0,126.9,5.0,121.5,1.0,130.0,1.0,120.5,1.0,132.0,1.0
115,Germany_Baseload#19#0#10000106,2021-10-25 07:56:26.761000,124.9,1.0,125.1,1.0,124.8,1.0,125.2,8.0,123.5,1.0,125.25,5.0,123.0,1.0,125.5,1.0,122.5,1.0,125.9,1.0,122.47,2.0,126.0,1.0,122.0,1.0,126.85,5.0,121.85,5.0,126.9,5.0,121.5,1.0,130.0,1.0,120.5,1.0,132.0,1.0
116,Germany_Baseload#19#0#10000106,2021-10-25 07:56:32.263000,124.9,1.0,125.2,8.0,124.8,1.0,125.25,5.0,123.5,1.0,125.5,1.0,123.0,1.0,125.9,1.0,122.5,1.0,126.0,1.0,122.47,2.0,126.85,5.0,122.0,1.0,126.9,5.0,121.85,5.0,130.0,1.0,121.5,1.0,132.0,1.0,120.5,1.0,,
117,Germany_Baseload#19#0#10000106,2021-10-25 07:56:32.359000,124.9,1.0,125.2,7.0,124.8,1.0,125.25,5.0,123.5,1.0,125.3,1.0,123.0,1.0,125.5,1.0,122.5,1.0,125.9,1.0,122.47,2.0,126.0,1.0,122.0,1.0,126.85,5.0,121.85,5.0,126.9,5.0,121.5,1.0,130.0,1.0,120.5,1.0,132.0,1.0
118,Germany_Baseload#19#0#10000106,2021-10-25 07:56:33.595000,124.9,1.0,125.1,1.0,124.8,1.0,125.2,7.0,123.5,1.0,125.25,5.0,123.0,1.0,125.3,1.0,122.5,1.0,125.5,1.0,122.47,2.0,125.9,1.0,122.0,1.0,126.0,1.0,121.85,5.0,126.85,5.0,121.5,1.0,126.9,5.0,120.5,1.0,130.0,1.0
119,Germany_Baseload#19#0#10000106,2021-10-25 07:56:39.097000,124.9,1.0,125.2,7.0,124.8,1.0,125.25,5.0,123.5,1.0,125.3,1.0,123.0,1.0,125.5,1.0,122.5,1.0,125.9,1.0,122.47,2.0,126.0,1.0,122.0,1.0,126.85,5.0,121.85,5.0,126.9,5.0,121.5,1.0,130.0,1.0,120.5,1.0,132.0,1.0
120,Germany_Baseload#19#0#10000106,2021-10-25 07:56:41.294000,124.9,1.0,125.2,7.0,124.89,1.0,125.25,5.0,124.8,1.0,125.3,1.0,123.5,1.0,125.5,1.0,123.0,1.0,125.9,1.0,122.5,1.0,126.0,1.0,122.47,2.0,126.85,5.0,122.0,1.0,126.9,5.0,121.85,5.0,130.0,1.0,121.5,1.0,132.0,1.0
121,Germany_Baseload#19#0#10000106,2021-10-25 07:56:51.106000,124.9,1.0,125.2,7.0,124.89,1.0,125.25,5.0,124.8,1.0,125.3,1.0,123.5,1.0,125.5,1.0,123.0,1.0,125.9,1.0,122.5,1.0,126.0,1.0,122.47,2.0,126.85,5.0,122.0,1.0,126.9,5.0,121.85,5.0,130.0,1.0,121.5,1.0,132.0,1.0
122,Germany_Baseload#19#0#10000106,2021-10-25 07:56:53.902000,124.9,1.0,125.2,7.0,124.8,1.0,125.25,5.0,123.5,1.0,125.3,1.0,123.0,1.0,125.5,1.0,122.5,1.0,125.9,1.0,122.47,2.0,126.0,1.0,122.0,1.0,126.85,5.0,121.85,5.0,126.9,5.0,121.5,1.0,130.0,1.0,120.5,1.0,132.0,1.0
123,Germany_Baseload#19#0#10000106,2021-10-25 07:57:14.491000,124.91,1.0,125.2,7.0,124.9,1.0,125.25,5.0,124.8,1.0,125.3,1.0,123.5,1.0,125.5,1.0,123.0,1.0,125.9,1.0,122.5,1.0,126.0,1.0,122.47,2.0,126.85,5.0,122.0,1.0,126.9,5.0,121.85,5.0,130.0,1.0,121.5,1.0,132.0,1.0
124,Germany_Baseload#19#0#10000106,2021-10-25 07:57:14.590000,124.92,1.0,125.2,7.0,124.91,1.0,125.25,5.0,124.9,1.0,125.3,1.0,124.8,1.0,125.5,1.0,123.5,1.0,125.9,1.0,123.0,1.0,126.0,1.0,122.5,1.0,126.85,5.0,122.47,2.0,126.9,5.0,122.0,1.0,130.0,1.0,121.85,5.0,132.0,1.0
125,Germany_Baseload#19#0#10000106,2021-10-25 07:57:14.591000,124.92,1.0,125.2,7.0,124.9,1.0,125.25,5.0,124.8,1.0,125.3,1.0,123.5,1.0,125.5,1.0,123.0,1.0,125.9,1.0,122.5,1.0,126.0,1.0,122.47,2.0,126.85,5.0,122.0,1.0,126.9,5.0,121.85,5.0,130.0,1.0,121.5,1.0,132.0,1.0
126,Germany_Baseload#19#0#10000106,2021-10-25 07:57:14.794000,124.93,1.0,125.2,7.0,124.92,1.0,125.25,5.0,124.9,1.0,125.3,1.0,124.8,1.0,125.5,1.0,123.5,1.0,125.9,1.0,123.0,1.0,126.0,1.0,122.5,1.0,126.85,5.0,122.47,2.0,126.9,5.0,122.0,1.0,130.0,1.0,121.85,5.0,132.0,1.0
127,Germany_Baseload#19#0#10000106,2021-10-25 07:57:14.795000,124.93,1.0,125.2,7.0,124.9,1.0,125.25,5.0,124.8,1.0,125.3,1.0,123.5,1.0,125.5,1.0,123.0,1.0,125.9,1.0,122.5,1.0,126.0,1.0,122.47,2.0,126.85,5.0,122.0,1.0,126.9,5.0,121.85,5.0,130.0,1.0,121.5,1.0,132.0,1.0
128,Germany_Baseload#19#0#10000106,2021-10-25 07:57:14.993000,124.94,1.0,125.2,7.0,124.9,1.0,125.25,5.0,124.8,1.0,125.3,1.0,123.5,1.0,125.5,1.0,123.0,1.0,125.9,1.0,122.5,1.0,126.0,1.0,122.47,2.0,126.85,5.0,122.0,1.0,126.9,5.0,121.85,5.0,130.0,1.0,121.5,1.0,132.0,1.0
129,Germany_Baseload#19#0#10000106,2021-10-25 07:57:15.189000,124.95,1.0,125.2,7.0,124.9,1.0,125.25,5.0,124.8,1.0,125.3,1.0,123.5,1.0,125.5,1.0,123.0,1.0,125.9,1.0,122.5,1.0,126.0,1.0,122.47,2.0,126.85,5.0,122.0,1.0,126.9,5.0,121.85,5.0,130.0,1.0,121.5,1.0,132.0,1.0
130,Germany_Baseload#19#0#10000106,2021-10-25 07:57:15.388000,124.96,1.0,125.2,7.0,124.9,1.0,125.25,5.0,124.8,1.0,125.3,1.0,123.5,1.0,125.5,1.0,123.0,1.0,125.9,1.0,122.5,1.0,126.0,1.0,122.47,2.0,126.85,5.0,122.0,1.0,126.9,5.0,121.85,5.0,130.0,1.0,121.5,1.0,132.0,1.0
131,Germany_Baseload#19#0#10000106,2021-10-25 07:57:15.586000,124.97,1.0,125.2,7.0,124.96,1.0,125.25,5.0,124.9,1.0,125.3,1.0,124.8,1.0,125.5,1.0,123.5,1.0,125.9,1.0,123.0,1.0,126.0,1.0,122.5,1.0,126.85,5.0,122.47,2.0,126.9,5.0,122.0,1.0,130.0,1.0,121.85,5.0,132.0,1.0
132,Germany_Baseload#19#0#10000106,2021-10-25 07:57:15.587000,124.97,1.0,125.2,7.0,124.9,1.0,125.25,5.0,124.8,1.0,125.3,1.0,123.5,1.0,125.5,1.0,123.0,1.0,125.9,1.0,122.5,1.0,126.0,1.0,122.47,2.0,126.85,5.0,122.0,1.0,126.9,5.0,121.85,5.0,130.0,1.0,121.5,1.0,132.0,1.0
133,Germany_Baseload#19#0#10000106,2021-10-25 07:57:15.785000,124.98,1.0,125.2,7.0,124.9,1.0,125.25,5.0,124.8,1.0,125.3,1.0,123.5,1.0,125.5,1.0,123.0,1.0,125.9,1.0,122.5,1.0,126.0,1.0,122.47,2.0,126.85,5.0,122.0,1.0,126.9,5.0,121.85,5.0,130.0,1.0,121.5,1.0,132.0,1.0
134,Germany_Baseload#19#0#10000106,2021-10-25 07:57:15.984000,124.99,1.0,125.2,7.0,124.9,1.0,125.25,5.0,124.8,1.0,125.3,1.0,123.5,1.0,125.5,1.0,123.0,1.0,125.9,1.0,122.5,1.0,126.0,1.0,122.47,2.0,126.85,5.0,122.0,1.0,126.9,5.0,121.85,5.0,130.0,1.0,121.5,1.0,132.0,1.0
135,Germany_Baseload#19#0#10000106,2021-10-25 07:57:16.186000,125.0,1.0,125.2,7.0,124.99,1.0,125.25,5.0,124.9,1.0,125.3,1.0,124.8,1.0,125.5,1.0,123.5,1.0,125.9,1.0,123.0,1.0,126.0,1.0,122.5,1.0,126.85,5.0,122.47,2.0,126.9,5.0,122.0,1.0,130.0,1.0,121.85,5.0,132.0,1.0
136,Germany_Baseload#19#0#10000106,2021-10-25 07:57:16.187000,125.0,1.0,125.2,7.0,124.9,1.0,125.25,5.0,124.8,1.0,125.3,1.0,123.5,1.0,125.5,1.0,123.0,1.0,125.9,1.0,122.5,1.0,126.0,1.0,122.47,2.0,126.85,5.0,122.0,1.0,126.9,5.0,121.85,5.0,130.0,1.0,121.5,1.0,132.0,1.0
137,Germany_Baseload#19#0#10000106,2021-10-25 07:57:16.387000,125.01,1.0,125.2,7.0,124.9,1.0,125.25,5.0,124.8,1.0,125.3,1.0,123.5,1.0,125.5,1.0,123.0,1.0,125.9,1.0,122.5,1.0,126.0,1.0,122.47,2.0,126.85,5.0,122.0,1.0,126.9,5.0,121.85,5.0,130.0,1.0,121.5,1.0,132.0,1.0
138,Germany_Baseload#19#0#10000106,2021-10-25 07:57:16.589000,125.02,1.0,125.2,7.0,124.9,1.0,125.25,5.0,124.8,1.0,125.3,1.0,123.5,1.0,125.5,1.0,123.0,1.0,125.9,1.0,122.5,1.0,126.0,1.0,122.47,2.0,126.85,5.0,122.0,1.0,126.9,5.0,121.85,5.0,130.0,1.0,121.5,1.0,132.0,1.0
139,Germany_Baseload#19#0#10000106,2021-10-25 07:57:16.805000,125.03,1.0,125.2,7.0,124.9,1.0,125.25,5.0,124.8,1.0,125.3,1.0,123.5,1.0,125.5,1.0,123.0,1.0,125.9,1.0,122.5,1.0,126.0,1.0,122.47,2.0,126.85,5.0,122.0,1.0,126.9,5.0,121.85,5.0,130.0,1.0,121.5,1.0,132.0,1.0
140,Germany_Baseload#19#0#10000106,2021-10-25 07:57:16.988000,125.04,1.0,125.2,7.0,124.9,1.0,125.25,5.0,124.8,1.0,125.3,1.0,123.5,1.0,125.5,1.0,123.0,1.0,125.9,1.0,122.5,1.0,126.0,1.0,122.47,2.0,126.85,5.0,122.0,1.0,126.9,5.0,121.85,5.0,130.0,1.0,121.5,1.0,132.0,1.0
141,Germany_Baseload#19#0#10000106,2021-10-25 07:57:17.196000,125.05,1.0,125.2,7.0,124.9,1.0,125.25,5.0,124.8,1.0,125.3,1.0,123.5,1.0,125.5,1.0,123.0,1.0,125.9,1.0,122.5,1.0,126.0,1.0,122.47,2.0,126.85,5.0,122.0,1.0,126.9,5.0,121.85,5.0,130.0,1.0,121.5,1.0,132.0,1.0
142,Germany_Baseload#19#0#10000106,2021-10-25 07:57:17.387000,125.06,1.0,125.2,7.0,124.9,1.0,125.25,5.0,124.8,1.0,125.3,1.0,123.5,1.0,125.5,1.0,123.0,1.0,125.9,1.0,122.5,1.0,126.0,1.0,122.47,2.0,126.85,5.0,122.0,1.0,126.9,5.0,121.85,5.0,130.0,1.0,121.5,1.0,132.0,1.0
143,Germany_Baseload#19#0#10000106,2021-10-25 07:57:17.588000,125.07,1.0,125.2,7.0,125.06,1.0,125.25,5.0,124.9,1.0,125.3,1.0,124.8,1.0,125.5,1.0,123.5,1.0,125.9,1.0,123.0,1.0,126.0,1.0,122.5,1.0,126.85,5.0,122.47,2.0,126.9,5.0,122.0,1.0,130.0,1.0,121.85,5.0,132.0,1.0
144,Germany_Baseload#19#0#10000106,2021-10-25 07:57:17.589000,125.07,1.0,125.2,7.0,124.9,1.0,125.25,5.0,124.8,1.0,125.3,1.0,123.5,1.0,125.5,1.0,123.0,1.0,125.9,1.0,122.5,1.0,126.0,1.0,122.47,2.0,126.85,5.0,122.0,1.0,126.9,5.0,121.85,5.0,130.0,1.0,121.5,1.0,132.0,1.0
145,Germany_Baseload#19#0#10000106,2021-10-25 07:57:17.788000,125.08,1.0,125.2,7.0,124.9,1.0,125.25,5.0,124.8,1.0,125.3,1.0,123.5,1.0,125.5,1.0,123.0,1.0,125.9,1.0,122.5,1.0,126.0,1.0,122.47,2.0,126.85,5.0,122.0,1.0,126.9,5.0,121.85,5.0,130.0,1.0,121.5,1.0,132.0,1.0
146,Germany_Baseload#19#0#10000106,2021-10-25 07:57:17.985000,125.09,1.0,125.2,7.0,125.08,1.0,125.25,5.0,124.9,1.0,125.3,1.0,124.8,1.0,125.5,1.0,123.5,1.0,125.9,1.0,123.0,1.0,126.0,1.0,122.5,1.0,126.85,5.0,122.47,2.0,126.9,5.0,122.0,1.0,130.0,1.0,121.85,5.0,132.0,1.0
147,Germany_Baseload#19#0#10000106,2021-10-25 07:57:17.986000,125.09,1.0,125.2,7.0,124.9,1.0,125.25,5.0,124.8,1.0,125.3,1.0,123.5,1.0,125.5,1.0,123.0,1.0,125.9,1.0,122.5,1.0,126.0,1.0,122.47,2.0,126.85,5.0,122.0,1.0,126.9,5.0,121.85,5.0,130.0,1.0,121.5,1.0,132.0,1.0
148,Germany_Baseload#19#0#10000106,2021-10-25 07:57:18.184000,125.1,1.0,125.2,7.0,124.9,1.0,125.25,5.0,124.8,1.0,125.3,1.0,123.5,1.0,125.5,1.0,123.0,1.0,125.9,1.0,122.5,1.0,126.0,1.0,122.47,2.0,126.85,5.0,122.0,1.0,126.9,5.0,121.85,5.0,130.0,1.0,121.5,1.0,132.0,1.0
149,Germany_Baseload#19#0#10000106,2021-10-25 07:57:18.386000,125.11,1.0,125.2,7.0,124.9,1.0,125.25,5.0,124.8,1.0,125.3,1.0,123.5,1.0,125.5,1.0,123.0,1.0,125.9,1.0,122.5,1.0,126.0,1.0,122.47,2.0,126.85,5.0,122.0,1.0,126.9,5.0,121.85,5.0,130.0,1.0,121.5,1.0,132.0,1.0
150,Germany_Baseload#19#0#10000106,2021-10-25 07:57:18.590000,125.12,1.0,125.2,7.0,124.9,1.0,125.25,5.0,124.8,1.0,125.3,1.0,123.5,1.0,125.5,1.0,123.0,1.0,125.9,1.0,122.5,1.0,126.0,1.0,122.47,2.0,126.85,5.0,122.0,1.0,126.9,5.0,121.85,5.0,130.0,1.0,121.5,1.0,132.0,1.0
151,Germany_Baseload#19#0#10000106,2021-10-25 07:57:18.786000,125.13,1.0,125.2,7.0,125.12,1.0,125.25,5.0,124.9,1.0,125.3,1.0,124.8,1.0,125.5,1.0,123.5,1.0,125.9,1.0,123.0,1.0,126.0,1.0,122.5,1.0,126.85,5.0,122.47,2.0,126.9,5.0,122.0,1.0,130.0,1.0,121.85,5.0,132.0,1.0
152,Germany_Baseload#19#0#10000106,2021-10-25 07:57:18.787000,125.13,1.0,125.2,7.0,124.9,1.0,125.25,5.0,124.8,1.0,125.3,1.0,123.5,1.0,125.5,1.0,123.0,1.0,125.9,1.0,122.5,1.0,126.0,1.0,122.47,2.0,126.85,5.0,122.0,1.0,126.9,5.0,121.85,5.0,130.0,1.0,121.5,1.0,132.0,1.0
153,Germany_Baseload#19#0#10000106,2021-10-25 07:57:18.988000,125.14,1.0,125.2,7.0,124.9,1.0,125.25,5.0,124.8,1.0,125.3,1.0,123.5,1.0,125.5,1.0,123.0,1.0,125.9,1.0,122.5,1.0,126.0,1.0,122.47,2.0,126.85,5.0,122.0,1.0,126.9,5.0,121.85,5.0,130.0,1.0,121.5,1.0,132.0,1.0
154,Germany_Baseload#19#0#10000106,2021-10-25 07:57:19.193000,125.15,1.0,125.2,7.0,124.9,1.0,125.25,5.0,124.8,1.0,125.3,1.0,123.5,1.0,125.5,1.0,123.0,1.0,125.9,1.0,122.5,1.0,126.0,1.0,122.47,2.0,126.85,5.0,122.0,1.0,126.9,5.0,121.85,5.0,130.0,1.0,121.5,1.0,132.0,1.0
155,Germany_Baseload#19#0#10000106,2021-10-25 07:57:19.388000,125.16,1.0,125.2,7.0,125.15,1.0,125.25,5.0,124.9,1.0,125.3,1.0,124.8,1.0,125.5,1.0,123.5,1.0,125.9,1.0,123.0,1.0,126.0,1.0,122.5,1.0,126.85,5.0,122.47,2.0,126.9,5.0,122.0,1.0,130.0,1.0,121.85,5.0,132.0,1.0
156,Germany_Baseload#19#0#10000106,2021-10-25 07:57:19.389000,125.16,1.0,125.2,7.0,124.9,1.0,125.25,5.0,124.8,1.0,125.3,1.0,123.5,1.0,125.5,1.0,123.0,1.0,125.9,1.0,122.5,1.0,126.0,1.0,122.47,2.0,126.85,5.0,122.0,1.0,126.9,5.0,121.85,5.0,130.0,1.0,121.5,1.0,132.0,1.0
157,Germany_Baseload#19#0#10000106,2021-10-25 07:57:19.585000,125.17,1.0,125.2,7.0,124.9,1.0,125.25,5.0,124.8,1.0,125.3,1.0,123.5,1.0,125.5,1.0,123.0,1.0,125.9,1.0,122.5,1.0,126.0,1.0,122.47,2.0,126.85,5.0,122.0,1.0,126.9,5.0,121.85,5.0,130.0,1.0,121.5,1.0,132.0,1.0
158,Germany_Baseload#19#0#10000106,2021-10-25 07:57:19.790000,125.18,1.0,125.2,7.0,124.9,1.0,125.25,5.0,124.8,1.0,125.3,1.0,123.5,1.0,125.5,1.0,123.0,1.0,125.9,1.0,122.5,1.0,126.0,1.0,122.47,2.0,126.85,5.0,122.0,1.0,126.9,5.0,121.85,5.0,130.0,1.0,121.5,1.0,132.0,1.0
159,Germany_Baseload#19#0#10000106,2021-10-25 07:57:20.461000,124.9,1.0,125.2,7.0,124.8,1.0,125.25,5.0,123.5,1.0,125.3,1.0,123.0,1.0,125.5,1.0,122.5,1.0,125.9,1.0,122.47,2.0,126.0,1.0,122.0,1.0,126.85,5.0,121.85,5.0,126.9,5.0,121.5,1.0,130.0,1.0,120.5,1.0,132.0,1.0
160,Germany_Baseload#19#0#10000106,2021-10-25 07:57:31.218000,125.0,1.0,125.2,7.0,124.9,1.0,125.25,5.0,124.8,1.0,125.3,1.0,123.5,1.0,125.5,1.0,123.0,1.0,125.9,1.0,122.5,1.0,126.0,1.0,122.47,2.0,126.85,5.0,122.0,1.0,126.9,5.0,121.85,5.0,130.0,1.0,121.5,1.0,132.0,1.0
161,Germany_Baseload#19#0#10000106,2021-10-25 07:57:49.084000,125.0,1.0,125.2,7.0,124.9,1.0,125.25,5.0,123.5,1.0,125.3,1.0,123.0,1.0,125.5,1.0,122.5,1.0,125.9,1.0,122.47,2.0,126.0,1.0,122.0,1.0,126.85,5.0,121.85,5.0,126.9,5.0,121.5,1.0,130.0,1.0,120.5,1.0,132.0,1.0
162,Germany_Baseload#19#0#10000106,2021-10-25 07:58:05.514000,125.0,2.0,125.2,7.0,124.9,1.0,125.25,5.0,123.5,1.0,125.3,1.0,123.0,1.0,125.5,1.0,122.5,1.0,125.9,1.0,122.47,2.0,126.0,1.0,122.0,1.0,126.85,5.0,121.85,5.0,126.9,5.0,121.5,1.0,130.0,1.0,120.5,1.0,132.0,1.0
163,Germany_Baseload#19#0#10000106,2021-10-25 07:58:24.516000,125.0,2.0,125.2,7.0,124.95,1.0,125.25,5.0,124.9,1.0,125.3,1.0,123.5,1.0,125.5,1.0,123.0,1.0,125.9,1.0,122.5,1.0,126.0,1.0,122.47,2.0,126.85,5.0,122.0,1.0,126.9,5.0,121.85,5.0,130.0,1.0,121.5,1.0,132.0,1.0
164,Germany_Baseload#19#0#10000106,2021-10-25 07:58:25.178000,125.0,2.0,125.2,7.0,124.9,1.0,125.25,5.0,123.5,1.0,125.3,1.0,123.0,1.0,125.5,1.0,122.5,1.0,125.9,1.0,122.47,2.0,126.0,1.0,122.0,1.0,126.85,5.0,121.85,5.0,126.9,5.0,121.5,1.0,130.0,1.0,120.5,1.0,132.0,1.0
165,Germany_Baseload#19#0#10000106,2021-10-25 07:58:35.876000,125.0,2.0,125.2,7.0,124.9,1.0,125.25,5.0,123.5,1.0,125.3,1.0,123.0,1.0,125.9,1.0,122.5,1.0,126.0,2.0,122.47,2.0,126.85,5.0,122.0,1.0,126.9,5.0,121.85,5.0,130.0,1.0,121.5,1.0,132.0,1.0,120.5,1.0,,
166,Germany_Baseload#19#0#10000106,2021-10-25 07:59:20.665000,125.0,2.0,125.2,7.0,124.9,1.0,125.25,5.0,123.5,1.0,125.3,1.0,123.0,1.0,125.9,1.0,122.5,1.0,126.0,2.0,122.47,2.0,126.85,5.0,122.0,1.0,126.9,5.0,121.85,5.0,130.0,1.0,121.5,1.0,132.0,1.0,120.5,1.0,,
167,Germany_Baseload#19#0#10000106,2021-10-25 07:59:22.390000,125.0,2.0,125.2,5.0,124.9,1.0,125.25,5.0,123.5,1.0,125.3,1.0,123.0,1.0,125.9,1.0,122.5,1.0,126.0,2.0,122.47,2.0,126.85,5.0,122.0,1.0,126.9,5.0,121.85,5.0,130.0,1.0,121.5,1.0,132.0,1.0,120.5,1.0,,
168,Germany_Baseload#19#0#10000106,2021-10-25 07:59:23.052000,125.0,1.0,125.2,5.0,124.9,1.0,125.25,5.0,123.5,1.0,125.3,1.0,123.0,1.0,125.9,1.0,122.5,1.0,126.0,2.0,122.47,2.0,126.85,5.0,122.0,1.0,126.9,5.0,121.85,5.0,130.0,1.0,121.5,1.0,132.0,1.0,120.5,1.0,,
169,Germany_Baseload#19#0#10000106,2021-10-25 07:59:23.533000,125.0,1.0,125.2,5.0,124.9,1.0,125.25,5.0,123.5,1.0,125.3,1.0,123.0,1.0,125.9,1.0,122.5,1.0,126.0,2.0,122.47,2.0,126.85,5.0,122.0,1.0,126.9,5.0,121.85,5.0,130.0,1.0,121.5,1.0,132.0,1.0,120.5,1.0,,
170,Germany_Baseload#19#0#10000106,2021-10-25 07:59:24.392000,125.0,1.0,125.2,6.0,124.9,1.0,125.25,5.0,123.5,1.0,125.3,1.0,123.0,1.0,125.9,1.0,122.5,1.0,126.0,2.0,122.47,2.0,126.85,5.0,122.0,1.0,126.9,5.0,121.85,5.0,130.0,1.0,121.5,1.0,132.0,1.0,120.5,1.0,,
171,Germany_Baseload#19#0#10000106,2021-10-25 07:59:27.732000,125.0,1.0,125.2,1.0,124.9,1.0,125.25,5.0,123.5,1.0,125.3,1.0,123.0,1.0,125.9,1.0,122.5,1.0,126.0,2.0,122.47,2.0,126.85,5.0,122.0,1.0,126.9,5.0,121.85,5.0,130.0,1.0,121.5,1.0,132.0,1.0,120.5,1.0,,
172,Germany_Baseload#19#0#10000106,2021-10-25 07:59:31.481000,125.0,1.0,125.25,5.0,124.9,1.0,125.3,1.0,123.5,1.0,125.9,1.0,123.0,1.0,126.0,2.0,122.5,1.0,126.85,5.0,122.47,2.0,126.9,5.0,122.0,1.0,130.0,1.0,121.85,5.0,132.0,1.0,121.5,1.0,,,120.5,1.0,,
173,Germany_Baseload#19#0#10000106,2021-10-25 07:59:31.584000,125.0,1.0,125.2,1.0,124.9,1.0,125.25,5.0,123.5,1.0,125.3,1.0,123.0,1.0,125.9,1.0,122.5,1.0,126.0,2.0,122.47,2.0,126.85,5.0,122.0,1.0,126.9,5.0,121.85,5.0,130.0,1.0,121.5,1.0,132.0,1.0,120.5,1.0,,
174,Germany_Baseload#19#0#10000106,2021-10-25 07:59:31.595000,125.0,1.0,125.2,1.0,124.9,1.0,125.25,5.0,123.5,1.0,125.35,1.0,123.0,1.0,125.9,1.0,122.5,1.0,126.0,2.0,122.47,2.0,126.85,5.0,122.0,1.0,126.9,5.0,121.85,5.0,130.0,1.0,121.5,1.0,132.0,1.0,120.5,1.0,,
175,Germany_Baseload#19#0#10000106,2021-10-25 07:59:32.032000,125.0,1.0,125.2,2.0,124.9,1.0,125.25,5.0,123.5,1.0,125.35,1.0,123.0,1.0,125.9,1.0,122.5,1.0,126.0,2.0,122.47,2.0,126.85,5.0,122.0,1.0,126.9,5.0,121.85,5.0,130.0,1.0,121.5,1.0,132.0,1.0,120.5,1.0,,
176,Germany_Baseload#19#0#10000106,2021-10-25 07:59:35.072000,125.0,1.0,125.25,5.0,124.9,1.0,125.35,1.0,123.5,1.0,125.9,1.0,123.0,1.0,126.0,2.0,122.5,1.0,126.85,5.0,122.47,2.0,126.9,5.0,122.0,1.0,130.0,1.0,121.85,5.0,132.0,1.0,121.5,1.0,,,120.5,1.0,,
177,Germany_Baseload#19#0#10000106,2021-10-25 07:59:35.963000,124.9,1.0,125.25,5.0,123.5,1.0,125.35,1.0,123.0,1.0,125.9,1.0,122.5,1.0,126.0,2.0,122.47,2.0,126.85,5.0,122.0,1.0,126.9,5.0,121.85,5.0,130.0,1.0,121.5,1.0,132.0,1.0,120.5,1.0,,,120.0,5.0,,
178,Germany_Baseload#19#0#10000106,2021-10-25 07:59:35.967000,124.9,1.0,125.25,5.0,124.0,1.0,125.35,1.0,123.5,1.0,125.9,1.0,123.0,1.0,126.0,2.0,122.5,1.0,126.85,5.0,122.47,2.0,126.9,5.0,122.0,1.0,130.0,1.0,121.85,5.0,132.0,1.0,121.5,1.0,,,120.5,1.0,,
179,Germany_Baseload#19#0#10000106,2021-10-25 07:59:35.994000,124.9,1.0,125.25,5.0,123.95,1.0,125.35,1.0,123.5,1.0,125.9,1.0,123.0,1.0,126.0,2.0,122.5,1.0,126.85,5.0,122.47,2.0,126.9,5.0,122.0,1.0,130.0,1.0,121.85,5.0,132.0,1.0,121.5,1.0,,,120.5,1.0,,
180,Germany_Baseload#19#0#10000106,2021-10-25 07:59:36.059000,123.95,1.0,125.25,5.0,123.5,1.0,125.35,1.0,123.0,1.0,125.9,1.0,122.9,1.0,126.0,2.0,122.5,1.0,126.85,5.0,122.47,2.0,126.9,5.0,122.0,1.0,130.0,1.0,121.85,5.0,132.0,1.0,121.5,1.0,,,120.5,1.0,,
181,Germany_Baseload#19#0#10000106,2021-10-25 07:59:36.136000,123.5,1.0,125.25,5.0,123.0,1.0,125.35,1.0,122.9,1.0,125.9,1.0,122.5,1.0,126.0,2.0,122.47,2.0,126.85,5.0,122.0,1.0,126.9,5.0,121.85,5.0,130.0,1.0,121.5,1.0,132.0,1.0,120.5,1.0,,,120.0,5.0,,
182,Germany_Baseload#19#0#10000106,2021-10-25 07:59:36.186000,123.5,1.0,125.25,7.0,123.0,1.0,125.35,1.0,122.9,1.0,125.9,1.0,122.5,1.0,126.0,2.0,122.47,2.0,126.85,5.0,122.0,1.0,126.9,5.0,121.85,5.0,130.0,1.0,121.5,1.0,132.0,1.0,120.5,1.0,,,120.0,5.0,,
183,Germany_Baseload#19#0#10000106,2021-10-25 07:59:58.036000,123.5,1.0,125.2,1.0,123.0,1.0,125.25,7.0,122.9,1.0,125.35,1.0,122.5,1.0,125.9,1.0,122.47,2.0,126.0,2.0,122.0,1.0,126.85,5.0,121.85,5.0,126.9,5.0,121.5,1.0,130.0,1.0,120.5,1.0,132.0,1.0,120.0,5.0,,
184,Germany_Baseload#19#0#10000106,2021-10-25 07:59:59.469000,123.5,1.0,125.2,2.0,123.0,1.0,125.25,7.0,122.9,1.0,125.35,1.0,122.5,1.0,125.9,1.0,122.47,2.0,126.0,2.0,122.0,1.0,126.85,5.0,121.85,5.0,126.9,5.0,121.5,1.0,130.0,1.0,120.5,1.0,132.0,1.0,120.0,5.0,,
185,Germany_Baseload#19#0#10000106,2021-10-25 08:00:10.416000,123.5,1.0,125.2,2.0,123.0,1.0,125.25,7.0,122.9,1.0,125.35,1.0,122.5,1.0,126.0,2.0,122.47,2.0,126.85,5.0,122.0,1.0,126.9,5.0,121.85,5.0,130.0,1.0,121.5,1.0,132.0,1.0,120.5,1.0,,,120.0,5.0,,
186,Germany_Baseload#19#0#10000106,2021-10-25 08:00:14.197000,123.5,1.0,125.2,2.0,123.0,1.0,125.25,7.0,122.9,1.0,125.3,1.0,122.5,1.0,126.0,2.0,122.47,2.0,126.85,5.0,122.0,1.0,126.9,5.0,121.85,5.0,130.0,1.0,121.5,1.0,132.0,1.0,120.5,1.0,,,120.0,5.0,,
187,Germany_Baseload#19#0#10000106,2021-10-25 08:00:14.229000,123.5,1.0,125.2,2.0,123.0,1.0,125.25,7.0,122.9,1.0,125.3,1.0,122.5,1.0,126.0,2.0,122.47,2.0,126.85,5.0,122.0,1.0,126.9,5.0,121.85,5.0,130.0,1.0,121.5,1.0,132.0,1.0,120.5,1.0,,,120.0,5.0,,
188,Germany_Baseload#19#0#10000106,2021-10-25 08:00:14.882000,123.5,1.0,125.2,3.0,123.0,1.0,125.25,7.0,122.9,1.0,125.3,1.0,122.5,1.0,126.0,2.0,122.47,2.0,126.85,5.0,122.0,1.0,126.9,5.0,121.85,5.0,130.0,1.0,121.5,1.0,132.0,1.0,120.5,1.0,,,120.0,5.0,,
189,Germany_Baseload#19#0#10000106,2021-10-25 08:00:19.919000,123.5,1.0,125.2,3.0,123.0,1.0,125.25,7.0,122.9,1.0,125.3,1.0,122.5,1.0,126.0,2.0,122.47,2.0,126.85,5.0,122.0,1.0,126.9,5.0,121.85,5.0,130.0,1.0,121.5,1.0,132.0,1.0,120.5,1.0,,,120.0,5.0,,
190,Germany_Baseload#19#0#10000106,2021-10-25 08:00:53.124000,123.5,1.0,125.2,2.0,123.0,1.0,125.25,7.0,122.9,1.0,125.3,1.0,122.5,1.0,126.0,2.0,122.47,2.0,126.85,5.0,122.0,1.0,126.9,5.0,121.85,5.0,130.0,1.0,121.5,1.0,132.0,1.0,120.5,1.0,,,120.0,5.0,,
191,Germany_Baseload#19#0#10000106,2021-10-25 08:01:20.654000,123.5,1.0,125.2,1.0,123.0,1.0,125.25,7.0,122.9,1.0,125.3,1.0,122.5,1.0,126.0,2.0,122.47,2.0,126.85,5.0,122.0,1.0,126.9,5.0,121.85,5.0,130.0,1.0,121.5,1.0,132.0,1.0,120.5,1.0,,,120.0,5.0,,
192,Germany_Baseload#19#0#10000106,2021-10-25 08:01:40.763000,123.5,1.0,125.2,1.0,123.0,1.0,125.25,7.0,122.9,1.0,125.3,1.0,122.5,1.0,126.0,2.0,122.47,2.0,126.9,5.0,122.0,1.0,130.0,1.0,121.85,5.0,132.0,1.0,121.5,1.0,,,120.5,1.0,,,120.0,5.0,,
193,Germany_Baseload#19#0#10000106,2021-10-25 08:01:40.767000,123.5,1.0,125.2,1.0,123.0,1.0,125.25,7.0,122.9,1.0,125.3,1.0,122.5,1.0,126.0,2.0,122.47,2.0,126.9,5.0,122.0,1.0,130.0,1.0,121.5,1.0,132.0,1.0,120.5,1.0,,,120.0,5.0,,,119.0,1.0,,
194,Germany_Baseload#19#0#10000106,2021-10-25 08:01:53.303000,123.5,1.0,125.2,3.0,123.0,1.0,125.25,7.0,122.9,1.0,125.3,1.0,122.5,1.0,126.0,2.0,122.47,2.0,126.9,5.0,122.0,1.0,130.0,1.0,121.5,1.0,132.0,1.0,120.5,1.0,,,120.0,5.0,,,119.0,1.0,,
195,Germany_Baseload#19#0#10000106,2021-10-25 08:01:53.304000,123.5,1.0,125.2,3.0,123.0,1.0,125.25,5.0,122.9,1.0,125.3,1.0,122.5,1.0,126.0,2.0,122.47,2.0,126.9,5.0,122.0,1.0,130.0,1.0,121.5,1.0,132.0,1.0,120.5,1.0,,,120.0,5.0,,,119.0,1.0,,
196,Germany_Baseload#19#0#10000106,2021-10-25 08:05:39.173000,123.5,1.0,125.0,1.0,123.0,1.0,125.2,3.0,122.9,1.0,125.25,5.0,122.5,1.0,125.3,1.0,122.47,2.0,126.0,2.0,122.0,1.0,126.9,5.0,121.5,1.0,130.0,1.0,120.5,1.0,132.0,1.0,120.0,5.0,,,119.0,1.0,,
197,Germany_Baseload#19#0#10000106,2021-10-25 08:05:59.086000,123.5,1.0,125.0,1.0,123.0,1.0,125.1,1.0,122.9,1.0,125.2,4.0,122.5,1.0,125.25,5.0,122.47,2.0,126.0,2.0,122.0,1.0,126.9,5.0,121.5,1.0,130.0,1.0,120.5,1.0,132.0,1.0,120.0,5.0,,,119.0,1.0,,
198,Germany_Baseload#19#0#10000106,2021-10-25 08:05:59.304000,123.5,1.0,125.0,1.0,123.0,1.0,125.1,1.0,122.9,1.0,125.2,4.0,122.5,1.0,125.25,5.0,122.47,2.0,126.0,2.0,122.0,1.0,126.77,5.0,121.5,1.0,126.9,5.0,120.5,1.0,130.0,1.0,120.0,5.0,132.0,1.0,119.0,1.0,,
199,Germany_Baseload#19#0#10000106,2021-10-25 08:05:59.307000,123.5,1.0,125.0,1.0,123.0,1.0,125.1,1.0,122.9,1.0,125.2,4.0,122.5,1.0,125.25,5.0,122.47,2.0,126.0,2.0,122.0,1.0,126.77,5.0,121.77,5.0,126.9,5.0,121.5,1.0,130.0,1.0,120.5,1.0,132.0,1.0,120.0,5.0,,
200,Germany_Baseload#19#0#10000106,2021-10-25 08:06:46.799000,123.5,1.0,125.0,3.0,123.0,1.0,125.1,1.0,122.9,1.0,125.2,4.0,122.5,1.0,125.25,5.0,122.47,2.0,126.0,2.0,122.0,1.0,126.77,5.0,121.77,5.0,126.9,5.0,121.5,1.0,130.0,1.0,120.5,1.0,132.0,1.0,120.0,5.0,,
201,Germany_Baseload#19#0#10000106,2021-10-25 08:06:46.800000,123.5,1.0,125.0,3.0,123.0,1.0,125.1,1.0,122.9,1.0,125.2,1.0,122.5,1.0,125.25,5.0,122.47,2.0,126.0,2.0,122.0,1.0,126.77,5.0,121.77,5.0,126.9,5.0,121.5,1.0,130.0,1.0,120.5,1.0,132.0,1.0,120.0,5.0,,
202,Germany_Baseload#19#0#10000106,2021-10-25 08:06:58.636000,123.5,1.0,125.0,3.0,123.0,1.0,125.1,1.0,122.9,1.0,125.2,1.0,122.5,1.0,125.25,5.0,122.47,2.0,126.0,2.0,122.0,1.0,126.77,5.0,121.77,5.0,126.9,5.0,121.5,1.0,130.0,1.0,120.5,1.0,132.0,1.0,120.0,5.0,,
203,Germany_Baseload#19#0#10000106,2021-10-25 08:07:23.773000,123.5,1.0,125.0,3.0,123.0,1.0,125.1,1.0,122.9,1.0,125.25,5.0,122.5,1.0,126.0,2.0,122.47,2.0,126.77,5.0,122.0,1.0,126.9,5.0,121.77,5.0,130.0,1.0,121.5,1.0,132.0,1.0,120.5,1.0,,,120.0,5.0,,
204,Germany_Baseload#19#0#10000106,2021-10-25 08:07:39.558000,123.5,1.0,125.0,3.0,123.0,1.0,125.1,1.0,122.9,1.0,125.25,5.0,122.5,1.0,126.0,2.0,122.47,2.0,126.77,5.0,122.0,1.0,126.9,5.0,121.77,5.0,130.0,1.0,121.5,1.0,132.0,1.0,121.0,1.0,,,120.5,1.0,,
205,Germany_Baseload#19#0#10000106,2021-10-25 08:07:43.189000,123.5,1.0,125.0,3.0,123.0,1.0,125.1,1.0,122.9,1.0,125.25,5.0,122.5,1.0,126.0,2.0,122.47,2.0,126.77,5.0,122.0,1.0,126.9,5.0,121.77,5.0,130.0,1.0,121.5,1.0,132.0,1.0,121.0,5.0,,,120.5,1.0,,
206,Germany_Baseload#19#0#10000106,2021-10-25 08:07:49.280000,123.5,1.0,125.0,3.0,123.0,1.0,125.1,1.0,122.9,1.0,125.25,5.0,122.5,1.0,126.0,2.0,122.47,2.0,126.77,5.0,122.0,1.0,126.9,5.0,121.77,5.0,127.0,1.0,121.5,1.0,130.0,1.0,121.0,5.0,132.0,1.0,120.5,1.0,,
207,Germany_Baseload#19#0#10000106,2021-10-25 08:07:51.003000,123.5,1.0,125.0,3.0,123.0,1.0,125.1,1.0,122.9,1.0,125.25,5.0,122.5,1.0,126.0,2.0,122.47,2.0,126.77,5.0,122.0,1.0,126.9,5.0,121.77,5.0,127.0,5.0,121.5,1.0,130.0,1.0,121.0,5.0,132.0,1.0,120.5,1.0,,
208,Germany_Baseload#19#0#10000106,2021-10-25 08:07:55.398000,123.5,1.0,125.0,3.0,123.0,1.0,125.1,1.0,122.9,1.0,125.25,5.0,122.5,1.0,126.0,2.0,122.47,2.0,126.77,5.0,122.0,6.0,126.9,5.0,121.77,5.0,127.0,5.0,121.5,1.0,130.0,1.0,121.0,5.0,132.0,1.0,120.5,1.0,,
209,Germany_Baseload#19#0#10000106,2021-10-25 08:07:55.399000,123.5,1.0,125.0,3.0,123.0,1.0,125.1,1.0,122.9,1.0,125.25,5.0,122.5,1.0,126.0,2.0,122.47,2.0,126.77,5.0,122.0,6.0,126.9,5.0,121.77,5.0,127.0,5.0,121.5,1.0,130.0,1.0,120.5,1.0,132.0,1.0,120.0,5.0,,
210,Germany_Baseload#19#0#10000106,2021-10-25 08:08:00.285000,123.5,1.0,125.0,3.0,123.0,1.0,125.1,1.0,122.9,1.0,125.25,5.0,122.5,1.0,126.0,2.0,122.47,2.0,126.9,5.0,122.0,6.0,127.0,5.0,121.77,5.0,130.0,1.0,121.5,1.0,132.0,1.0,120.5,1.0,,,120.0,5.0,,
211,Germany_Baseload#19#0#10000106,2021-10-25 08:08:00.286000,123.5,1.0,125.0,3.0,123.0,1.0,125.1,1.0,122.9,1.0,125.25,5.0,122.5,1.0,126.0,2.0,122.47,2.0,126.9,5.0,122.0,6.0,127.0,5.0,121.5,1.0,130.0,1.0,120.5,1.0,132.0,1.0,120.0,5.0,,,119.0,1.0,,
212,Germany_Baseload#19#0#10000106,2021-10-25 08:09:27.094000,123.5,1.0,124.99,1.0,123.0,1.0,125.0,3.0,122.9,1.0,125.1,1.0,122.5,1.0,125.25,5.0,122.47,2.0,126.0,2.0,122.0,6.0,126.9,5.0,121.5,1.0,127.0,5.0,120.5,1.0,130.0,1.0,120.0,5.0,132.0,1.0,119.0,1.0,,
213,Germany_Baseload#19#0#10000106,2021-10-25 08:10:18.852000,123.5,1.0,124.9,1.0,123.0,1.0,124.99,1.0,122.9,1.0,125.0,3.0,122.5,1.0,125.1,1.0,122.47,2.0,125.25,5.0,122.0,6.0,126.0,2.0,121.5,1.0,126.9,5.0,120.5,1.0,127.0,5.0,120.0,5.0,130.0,1.0,119.0,1.0,132.0,1.0
214,Germany_Baseload#19#0#10000106,2021-10-25 08:10:18.883000,123.5,1.0,124.9,1.0,123.0,1.0,124.93,2.0,122.9,1.0,124.99,1.0,122.5,1.0,125.0,3.0,122.47,2.0,125.1,1.0,122.0,6.0,125.25,5.0,121.5,1.0,126.0,2.0,120.5,1.0,126.9,5.0,120.0,5.0,127.0,5.0,119.0,1.0,130.0,1.0
215,Germany_Baseload#19#0#10000106,2021-10-25 08:10:39.427000,123.5,1.0,124.9,1.0,123.0,2.0,124.93,2.0,122.9,1.0,124.99,1.0,122.5,1.0,125.0,3.0,122.47,2.0,125.1,1.0,122.0,6.0,125.25,5.0,121.5,1.0,126.0,2.0,120.5,1.0,126.9,5.0,120.0,5.0,127.0,5.0,119.0,1.0,130.0,1.0
216,Germany_Baseload#19#0#10000106,2021-10-25 08:12:09.928000,123.5,2.0,124.9,1.0,123.0,2.0,124.93,2.0,122.9,1.0,124.99,1.0,122.5,1.0,125.0,3.0,122.47,2.0,125.1,1.0,122.0,6.0,125.25,5.0,121.5,1.0,126.0,2.0,120.5,1.0,126.9,5.0,120.0,5.0,127.0,5.0,119.0,1.0,130.0,1.0
217,Germany_Baseload#19#0#10000106,2021-10-25 08:12:27.018000,123.5,2.0,124.9,1.0,123.4,2.0,124.93,2.0,123.0,2.0,124.99,1.0,122.5,1.0,125.0,3.0,122.47,2.0,125.1,1.0,122.0,6.0,125.25,5.0,121.5,1.0,126.0,2.0,120.5,1.0,126.9,5.0,120.0,5.0,127.0,5.0,119.0,1.0,130.0,1.0
218,Germany_Baseload#19#0#10000106,2021-10-25 08:12:32.985000,123.5,2.0,124.9,1.0,123.4,2.0,124.93,2.0,123.0,2.0,124.99,1.0,122.5,1.0,125.0,3.0,122.47,2.0,125.1,1.0,122.0,6.0,125.25,5.0,121.5,1.0,126.0,2.0,120.5,1.0,126.9,5.0,120.0,5.0,126.95,5.0,119.0,1.0,130.0,1.0
219,Germany_Baseload#19#0#10000106,2021-10-25 08:12:33.908000,124.25,2.0,124.9,1.0,123.5,1.0,124.93,2.0,123.4,2.0,124.99,1.0,123.0,2.0,125.0,3.0,122.5,1.0,125.1,1.0,122.47,2.0,125.25,5.0,122.0,6.0,126.0,2.0,121.5,1.0,126.9,5.0,120.5,1.0,126.95,5.0,120.0,5.0,130.0,1.0
220,Germany_Baseload#19#0#10000106,2021-10-25 08:12:35.480000,124.25,2.0,124.9,1.0,123.5,1.0,124.93,2.0,123.4,2.0,124.99,1.0,123.0,2.0,125.0,3.0,122.5,1.0,125.1,1.0,122.47,2.0,125.25,5.0,122.05,5.0,126.0,2.0,122.0,1.0,126.9,5.0,121.5,1.0,126.95,5.0,120.5,1.0,130.0,1.0
221,Germany_Baseload#19#0#10000106,2021-10-25 08:12:35.635000,124.25,2.0,124.9,1.0,123.5,1.0,124.93,2.0,123.4,2.0,124.99,1.0,123.0,1.0,125.0,3.0,122.5,1.0,125.1,1.0,122.47,2.0,125.25,5.0,122.05,5.0,126.0,2.0,122.0,1.0,126.9,5.0,121.5,1.0,126.95,5.0,120.5,1.0,130.0,1.0
222,Germany_Baseload#19#0#10000106,2021-10-25 08:12:35.943000,124.25,2.0,124.9,1.0,123.5,1.0,124.93,2.0,123.4,2.0,124.99,1.0,123.0,1.0,125.0,3.0,122.5,1.0,125.1,1.0,122.47,2.0,125.25,5.0,122.1,5.0,126.0,2.0,122.0,1.0,126.9,5.0,121.5,1.0,126.95,5.0,120.5,1.0,130.0,1.0
223,Germany_Baseload#19#0#10000106,2021-10-25 08:12:42.349000,124.25,2.0,124.9,1.0,123.5,1.0,124.93,2.0,123.4,2.0,124.99,1.0,123.0,1.0,125.0,3.0,122.6,5.0,125.1,1.0,122.5,1.0,125.25,5.0,122.47,2.0,126.0,2.0,122.0,1.0,126.9,5.0,121.5,1.0,126.95,5.0,120.5,1.0,130.0,1.0
224,Germany_Baseload#19#0#10000106,2021-10-25 08:12:49.102000,124.25,2.0,124.9,1.0,123.5,1.0,124.93,2.0,123.4,2.0,124.99,1.0,123.0,1.0,125.0,3.0,122.6,5.0,125.1,1.0,122.5,1.0,125.25,5.0,122.47,2.0,126.0,2.0,122.0,1.0,126.9,10.0,121.5,1.0,126.95,5.0,120.5,1.0,130.0,1.0
225,Germany_Baseload#19#0#10000106,2021-10-25 08:12:49.103000,124.25,2.0,124.9,1.0,123.5,1.0,124.93,2.0,123.4,2.0,124.99,1.0,123.0,1.0,125.0,3.0,122.6,5.0,125.1,1.0,122.5,1.0,125.25,5.0,122.47,2.0,126.0,2.0,122.0,1.0,126.9,10.0,121.5,1.0,130.0,1.0,120.5,1.0,132.0,1.0
226,Germany_Baseload#19#0#10000106,2021-10-25 08:12:51.617000,124.25,2.0,124.9,1.0,123.5,1.0,124.93,2.0,123.4,2.0,124.99,1.0,123.0,1.0,125.0,3.0,122.6,5.0,125.1,1.0,122.5,1.0,125.25,5.0,122.47,2.0,126.0,2.0,122.0,1.0,126.85,5.0,121.5,1.0,126.9,5.0,120.5,1.0,130.0,1.0
227,Germany_Baseload#19#0#10000106,2021-10-25 08:12:51.859000,124.25,2.0,124.9,1.0,123.5,1.0,124.93,2.0,123.4,2.0,125.0,3.0,123.0,1.0,125.1,1.0,122.6,5.0,125.25,5.0,122.5,1.0,126.0,2.0,122.47,2.0,126.85,5.0,122.0,1.0,126.9,5.0,121.5,1.0,130.0,1.0,120.5,1.0,132.0,1.0
228,Germany_Baseload#19#0#10000106,2021-10-25 08:12:54.086000,124.25,2.0,124.9,1.0,124.15,2.0,124.93,2.0,123.5,1.0,125.0,3.0,123.0,1.0,125.1,1.0,122.6,5.0,125.25,5.0,122.5,1.0,126.0,2.0,122.47,2.0,126.85,5.0,122.0,1.0,126.9,5.0,121.5,1.0,130.0,1.0,120.5,1.0,132.0,1.0
229,Germany_Baseload#19#0#10000106,2021-10-25 08:12:55.280000,124.15,2.0,124.9,1.0,123.5,1.0,124.93,2.0,123.0,1.0,125.0,3.0,122.6,5.0,125.1,1.0,122.5,1.0,125.25,5.0,122.47,2.0,126.0,2.0,122.0,1.0,126.85,5.0,121.5,1.0,126.9,5.0,120.5,1.0,130.0,1.0,120.0,5.0,132.0,1.0
230,Germany_Baseload#19#0#10000106,2021-10-25 08:12:55.281000,124.15,2.0,124.9,1.0,123.5,1.0,124.93,2.0,123.25,1.0,125.0,3.0,123.0,1.0,125.1,1.0,122.6,5.0,125.25,5.0,122.5,1.0,126.0,2.0,122.47,2.0,126.85,5.0,122.0,1.0,126.9,5.0,121.5,1.0,130.0,1.0,120.5,1.0,132.0,1.0
231,Germany_Baseload#19#0#10000106,2021-10-25 08:12:55.313000,124.15,2.0,124.9,1.0,123.5,1.0,124.93,2.0,123.2,1.0,125.0,3.0,123.0,1.0,125.1,1.0,122.6,5.0,125.25,5.0,122.5,1.0,126.0,2.0,122.47,2.0,126.85,5.0,122.0,1.0,126.9,5.0,121.5,1.0,130.0,1.0,120.5,1.0,132.0,1.0
232,Germany_Baseload#19#0#10000106,2021-10-25 08:12:55.377000,123.5,1.0,124.9,1.0,123.2,1.0,124.93,2.0,123.0,1.0,125.0,3.0,122.9,2.0,125.1,1.0,122.6,5.0,125.25,5.0,122.5,1.0,126.0,2.0,122.47,2.0,126.85,5.0,122.0,1.0,126.9,5.0,121.5,1.0,130.0,1.0,120.5,1.0,132.0,1.0
233,Germany_Baseload#19#0#10000106,2021-10-25 08:12:55.525000,123.5,1.0,124.9,1.0,123.0,1.0,124.93,2.0,122.9,2.0,125.0,3.0,122.6,5.0,125.1,1.0,122.5,1.0,125.25,5.0,122.47,2.0,126.0,2.0,122.0,1.0,126.85,5.0,121.5,1.0,126.9,5.0,120.5,1.0,130.0,1.0,120.0,5.0,132.0,1.0
234,Germany_Baseload#19#0#10000106,2021-10-25 08:13:04.904000,123.5,1.0,124.5,1.0,123.0,1.0,124.9,1.0,122.9,2.0,124.93,2.0,122.6,5.0,125.0,3.0,122.5,1.0,125.1,1.0,122.47,2.0,125.25,5.0,122.0,1.0,126.0,2.0,121.5,1.0,126.85,5.0,120.5,1.0,126.9,5.0,120.0,5.0,130.0,1.0
235,Germany_Baseload#19#0#10000106,2021-10-25 08:13:09.891000,123.5,1.0,124.5,1.0,123.0,1.0,124.9,1.0,122.9,2.0,124.93,2.0,122.6,1.0,125.0,3.0,122.5,1.0,125.1,1.0,122.47,2.0,125.25,5.0,122.0,1.0,126.0,2.0,121.5,1.0,126.85,5.0,120.5,1.0,126.9,5.0,120.0,5.0,130.0,1.0
236,Germany_Baseload#19#0#10000106,2021-10-25 08:13:15.945000,123.5,1.0,124.5,1.0,123.0,1.0,124.9,1.0,122.9,2.0,124.93,2.0,122.6,1.0,125.0,3.0,122.5,1.0,125.1,1.0,122.47,2.0,125.25,5.0,122.0,1.0,126.0,2.0,121.5,1.0,126.2,5.0,120.5,1.0,126.9,5.0,120.0,5.0,130.0,1.0
237,Germany_Baseload#19#0#10000106,2021-10-25 08:13:22.160000,123.5,1.0,124.5,1.0,123.0,1.0,124.9,1.0,122.9,2.0,124.93,2.0,122.6,1.0,125.0,3.0,122.5,1.0,125.1,1.0,122.47,2.0,125.25,5.0,122.0,6.0,126.0,2.0,121.5,1.0,126.2,5.0,120.5,1.0,126.9,5.0,120.0,5.0,130.0,1.0
238,Germany_Baseload#19#0#10000106,2021-10-25 08:13:25.148000,123.5,1.0,124.5,1.0,123.0,1.0,124.6,1.0,122.9,2.0,124.9,1.0,122.6,1.0,124.93,2.0,122.5,1.0,125.0,3.0,122.47,2.0,125.25,5.0,122.0,6.0,126.0,2.0,121.5,1.0,126.2,5.0,120.5,1.0,126.9,5.0,120.0,5.0,130.0,1.0
239,Germany_Baseload#19#0#10000106,2021-10-25 08:13:40.465000,123.5,1.0,124.5,1.0,123.0,1.0,124.6,1.0,122.9,2.0,124.9,1.0,122.6,1.0,124.93,2.0,122.5,1.0,125.0,3.0,122.47,2.0,125.25,5.0,122.0,6.0,126.0,2.0,121.5,1.0,126.2,5.0,120.5,1.0,126.9,5.0,120.0,5.0,130.0,1.0
240,Germany_Baseload#19#0#10000106,2021-10-25 08:14:33.452000,123.5,1.0,124.5,1.0,123.0,1.0,124.6,1.0,122.9,2.0,124.9,1.0,122.5,1.0,124.93,2.0,122.47,2.0,125.0,3.0,122.3,1.0,125.25,5.0,122.0,6.0,126.0,2.0,121.5,1.0,126.2,5.0,120.5,1.0,126.9,5.0,120.0,5.0,130.0,1.0
241,Germany_Baseload#19#0#10000106,2021-10-25 08:14:43.799000,123.5,1.0,124.5,1.0,123.0,1.0,124.6,1.0,122.9,2.0,124.9,1.0,122.5,1.0,124.93,2.0,122.47,2.0,125.0,3.0,122.3,1.0,125.25,5.0,122.0,1.0,126.0,2.0,121.95,5.0,126.2,5.0,121.5,1.0,126.9,5.0,120.5,1.0,130.0,1.0
242,Germany_Baseload#19#0#10000106,2021-10-25 08:14:44.890000,123.5,1.0,124.5,1.0,123.0,1.0,124.6,1.0,122.9,2.0,124.9,1.0,122.5,1.0,124.93,2.0,122.47,2.0,125.0,3.0,122.3,1.0,125.25,5.0,122.0,1.0,126.0,2.0,121.95,5.0,126.2,5.0,121.9,5.0,126.9,5.0,121.5,1.0,130.0,1.0
243,Germany_Baseload#19#0#10000106,2021-10-25 08:14:44.891000,123.5,1.0,124.5,1.0,123.0,1.0,124.6,1.0,122.9,2.0,124.9,1.0,122.5,1.0,124.93,2.0,122.47,2.0,125.0,3.0,122.3,1.0,125.25,5.0,122.0,1.0,126.0,2.0,121.9,5.0,126.2,5.0,121.5,1.0,126.9,5.0,120.5,1.0,130.0,1.0
244,Germany_Baseload#19#0#10000106,2021-10-25 08:14:47.415000,123.5,1.0,124.5,1.0,123.0,1.0,124.6,1.0,122.9,2.0,124.9,1.0,122.5,1.0,124.93,2.0,122.47,2.0,125.0,3.0,122.3,1.0,125.25,5.0,122.0,1.0,126.0,2.0,121.9,5.0,126.2,5.0,121.85,5.0,126.9,5.0,121.5,1.0,130.0,1.0
245,Germany_Baseload#19#0#10000106,2021-10-25 08:14:47.416000,123.5,1.0,124.5,1.0,123.0,1.0,124.6,1.0,122.9,2.0,124.9,1.0,122.5,1.0,124.93,2.0,122.47,2.0,125.0,3.0,122.3,1.0,125.25,5.0,122.0,1.0,126.0,2.0,121.85,5.0,126.2,5.0,121.5,1.0,126.9,5.0,120.5,1.0,130.0,1.0
246,Germany_Baseload#19#0#10000106,2021-10-25 08:14:49.904000,123.5,1.0,124.5,1.0,123.0,1.0,124.6,1.0,122.9,2.0,124.9,1.0,122.5,1.0,124.93,2.0,122.47,2.0,125.0,3.0,122.3,1.0,125.25,5.0,122.0,1.0,126.0,2.0,121.85,5.0,126.2,5.0,121.8,5.0,126.9,5.0,121.5,1.0,130.0,1.0
247,Germany_Baseload#19#0#10000106,2021-10-25 08:14:49.905000,123.5,1.0,124.5,1.0,123.0,1.0,124.6,1.0,122.9,2.0,124.9,1.0,122.5,1.0,124.93,2.0,122.47,2.0,125.0,3.0,122.3,1.0,125.25,5.0,122.0,1.0,126.0,2.0,121.8,5.0,126.2,5.0,121.5,1.0,126.9,5.0,120.5,1.0,130.0,1.0
248,Germany_Baseload#19#0#10000106,2021-10-25 08:14:53.953000,123.5,1.0,124.5,1.0,123.0,1.0,124.6,1.0,122.9,2.0,124.9,1.0,122.5,1.0,124.93,2.0,122.47,2.0,125.0,3.0,122.3,1.0,125.25,5.0,122.0,1.0,126.0,2.0,121.8,5.0,126.15,5.0,121.5,1.0,126.9,5.0,120.5,1.0,130.0,1.0
249,Germany_Baseload#19#0#10000106,2021-10-25 08:14:54.206000,123.5,1.0,124.5,1.0,123.0,1.0,124.6,1.0,122.9,2.0,124.9,1.0,122.5,1.0,124.93,2.0,122.47,2.0,125.0,3.0,122.3,1.0,125.25,5.0,122.0,1.0,126.0,2.0,121.8,5.0,126.1,5.0,121.5,1.0,126.9,5.0,120.5,1.0,130.0,1.0
250,Germany_Baseload#19#0#10000106,2021-10-25 08:14:54.782000,123.5,1.0,124.5,1.0,123.0,1.0,124.6,1.0,122.9,2.0,124.9,1.0,122.5,1.0,124.93,2.0,122.47,2.0,125.0,3.0,122.3,1.0,125.25,5.0,122.0,1.0,126.0,2.0,121.8,5.0,126.05,5.0,121.5,1.0,126.1,5.0,120.5,1.0,126.9,5.0
251,Germany_Baseload#19#0#10000106,2021-10-25 08:14:54.783000,123.5,1.0,124.5,1.0,123.0,1.0,124.6,1.0,122.9,2.0,124.9,1.0,122.5,1.0,124.93,2.0,122.47,2.0,125.0,3.0,122.3,1.0,125.25,5.0,122.0,1.0,126.0,2.0,121.8,5.0,126.05,5.0,121.5,1.0,126.9,5.0,120.5,1.0,130.0,1.0
252,Germany_Baseload#19#0#10000106,2021-10-25 08:14:55.290000,123.5,1.0,124.5,1.0,123.0,1.0,124.6,1.0,122.9,2.0,124.9,1.0,122.5,1.0,124.93,2.0,122.47,2.0,125.0,3.0,122.3,1.0,125.25,5.0,122.0,1.0,126.0,7.0,121.8,5.0,126.9,5.0,121.5,1.0,130.0,1.0,120.5,1.0,132.0,1.0
253,Germany_Baseload#19#0#10000106,2021-10-25 08:17:04.764000,123.5,1.0,124.6,1.0,123.0,1.0,124.9,1.0,122.9,2.0,124.93,2.0,122.5,1.0,125.0,3.0,122.47,2.0,125.25,5.0,122.3,1.0,126.0,7.0,122.0,1.0,126.9,5.0,121.8,5.0,130.0,1.0,121.5,1.0,132.0,1.0,120.5,1.0,,
254,Germany_Baseload#19#0#10000106,2021-10-25 08:17:04.860000,123.5,1.0,124.9,1.0,123.0,1.0,124.93,2.0,122.9,2.0,125.0,1.0,122.5,1.0,125.25,5.0,122.47,2.0,126.0,7.0,122.3,1.0,126.9,5.0,122.0,1.0,130.0,1.0,121.8,5.0,132.0,1.0,121.5,1.0,,,120.5,1.0,,
255,Germany_Baseload#19#0#10000106,2021-10-25 08:17:07.868000,123.5,1.0,124.9,1.0,123.0,1.0,124.93,2.0,122.9,2.0,125.0,1.0,122.5,1.0,125.25,5.0,122.47,2.0,126.0,7.0,122.3,1.0,126.9,5.0,122.0,1.0,130.0,1.0,121.8,5.0,132.0,1.0,121.5,1.0,,,120.5,1.0,,
256,Germany_Baseload#19#0#10000106,2021-10-25 08:17:07.973000,123.5,1.0,124.9,1.0,123.0,1.0,124.93,2.0,122.9,2.0,125.0,3.0,122.5,1.0,125.1,3.0,122.47,2.0,125.25,5.0,122.3,1.0,126.0,7.0,122.0,1.0,126.9,5.0,121.8,5.0,130.0,1.0,121.5,1.0,132.0,1.0,120.5,1.0,,
257,Germany_Baseload#19#0#10000106,2021-10-25 08:17:27.028000,123.5,1.0,124.8,1.0,123.0,1.0,124.9,1.0,122.9,2.0,124.93,2.0,122.5,1.0,125.0,3.0,122.47,2.0,125.1,3.0,122.3,1.0,125.25,5.0,122.0,1.0,126.0,7.0,121.8,5.0,126.9,5.0,121.5,1.0,130.0,1.0,120.5,1.0,132.0,1.0
258,Germany_Baseload#19#0#10000106,2021-10-25 08:17:27.106000,123.5,1.0,124.8,1.0,123.0,1.0,124.9,1.0,122.9,2.0,124.93,2.0,122.5,1.0,125.0,3.0,122.47,2.0,125.1,1.0,122.3,1.0,125.25,5.0,122.0,1.0,126.0,7.0,121.8,5.0,126.9,5.0,121.5,1.0,130.0,1.0,120.5,1.0,132.0,1.0
259,Germany_Baseload#19#0#10000106,2021-10-25 08:17:35.550000,123.5,1.0,124.5,1.0,123.0,1.0,124.8,1.0,122.9,2.0,124.9,1.0,122.5,1.0,124.93,2.0,122.47,2.0,125.0,3.0,122.3,1.0,125.1,1.0,122.0,1.0,125.25,5.0,121.8,5.0,126.0,7.0,121.5,1.0,126.9,5.0,120.5,1.0,130.0,1.0
260,Germany_Baseload#19#0#10000106,2021-10-25 08:17:39.203000,123.5,1.0,124.5,1.0,123.0,1.0,124.9,1.0,122.9,2.0,124.93,2.0,122.5,1.0,125.0,3.0,122.47,2.0,125.1,1.0,122.3,1.0,125.25,5.0,122.0,1.0,126.0,7.0,121.8,5.0,126.9,5.0,121.5,1.0,130.0,1.0,120.5,1.0,132.0,1.0
261,Germany_Baseload#19#0#10000106,2021-10-25 08:17:42.250000,123.5,1.0,124.5,2.0,123.0,1.0,124.9,1.0,122.9,2.0,124.93,2.0,122.5,1.0,125.0,3.0,122.47,2.0,125.1,1.0,122.3,1.0,125.25,5.0,122.0,1.0,126.0,7.0,121.8,5.0,126.9,5.0,121.5,1.0,130.0,1.0,120.5,1.0,132.0,1.0
262,Germany_Baseload#19#0#10000106,2021-10-25 08:17:52.027000,123.5,1.0,124.5,2.0,123.0,1.0,124.6,1.0,122.9,2.0,124.9,1.0,122.5,1.0,124.93,2.0,122.47,2.0,125.0,3.0,122.3,1.0,125.25,5.0,122.0,1.0,126.0,7.0,121.8,5.0,126.9,5.0,121.5,1.0,130.0,1.0,120.5,1.0,132.0,1.0
263,Germany_Baseload#19#0#10000106,2021-10-25 08:19:07.806000,123.5,1.0,124.5,2.0,123.0,1.0,124.6,1.0,122.9,2.0,124.9,1.0,122.5,1.0,124.93,2.0,122.47,2.0,125.0,3.0,122.3,1.0,125.25,5.0,122.0,1.0,126.0,7.0,121.8,5.0,126.9,5.0,121.5,1.0,130.0,1.0,120.5,1.0,132.0,1.0
264,Germany_Baseload#19#0#10000106,2021-10-25 08:19:07.902000,123.5,1.0,124.5,2.0,123.0,1.0,124.6,1.0,122.9,1.0,124.9,1.0,122.5,1.0,124.93,2.0,122.47,2.0,125.0,3.0,122.3,1.0,125.25,5.0,122.0,1.0,126.0,7.0,121.8,5.0,126.9,5.0,121.5,1.0,130.0,1.0,120.5,1.0,132.0,1.0
265,Germany_Baseload#19#0#10000106,2021-10-25 08:19:21.410000,123.5,1.0,124.25,2.0,123.0,1.0,124.5,2.0,122.9,1.0,124.6,1.0,122.5,1.0,124.9,1.0,122.47,2.0,124.93,2.0,122.3,1.0,125.0,3.0,122.0,1.0,125.25,5.0,121.8,5.0,126.0,7.0,121.5,1.0,126.9,5.0,120.5,1.0,130.0,1.0
266,Germany_Baseload#19#0#10000106,2021-10-25 08:19:27.033000,123.5,1.0,124.25,2.0,123.4,1.0,124.5,2.0,123.0,1.0,124.6,1.0,122.5,1.0,124.9,1.0,122.47,2.0,124.93,2.0,122.3,1.0,125.0,3.0,122.0,1.0,125.25,5.0,121.8,5.0,126.0,7.0,121.5,1.0,126.9,5.0,120.5,1.0,130.0,1.0
267,Germany_Baseload#19#0#10000106,2021-10-25 08:19:38.091000,123.5,1.0,124.25,2.0,123.4,1.0,124.35,2.0,123.0,1.0,124.5,2.0,122.5,1.0,124.9,1.0,122.47,2.0,124.93,2.0,122.3,1.0,125.0,3.0,122.0,1.0,125.25,5.0,121.8,5.0,126.0,7.0,121.5,1.0,126.9,5.0,120.5,1.0,130.0,1.0
268,Germany_Baseload#19#0#10000106,2021-10-25 08:19:41.191000,123.5,1.0,124.25,2.0,123.4,1.0,124.35,2.0,123.0,1.0,124.5,2.0,122.5,1.0,124.9,1.0,122.47,2.0,124.93,2.0,122.3,1.0,125.0,3.0,122.0,1.0,125.25,5.0,121.8,5.0,126.0,7.0,121.5,1.0,126.9,5.0,120.5,1.0,130.0,1.0
269,Germany_Baseload#19#0#10000106,2021-10-25 08:19:44.909000,123.75,2.0,124.25,2.0,123.5,1.0,124.35,2.0,123.4,1.0,124.5,2.0,123.0,1.0,124.9,1.0,122.5,1.0,124.93,2.0,122.47,2.0,125.0,3.0,122.3,1.0,125.25,5.0,122.0,1.0,126.0,7.0,121.8,5.0,126.9,5.0,121.5,1.0,130.0,1.0
270,Germany_Baseload#19#0#10000106,2021-10-25 08:19:48.436000,123.5,1.0,124.25,2.0,123.4,1.0,124.35,2.0,123.0,1.0,124.5,2.0,122.5,1.0,124.9,1.0,122.47,2.0,124.93,2.0,122.3,1.0,125.0,3.0,122.0,1.0,125.25,5.0,121.8,5.0,126.0,7.0,121.5,1.0,126.9,5.0,120.5,1.0,130.0,1.0
271,Germany_Baseload#19#0#10000106,2021-10-25 08:21:38.793000,123.5,1.0,124.25,2.0,123.4,1.0,124.35,2.0,123.0,1.0,124.5,2.0,122.5,1.0,124.9,1.0,122.47,2.0,124.93,2.0,122.3,1.0,125.0,3.0,122.0,1.0,125.25,5.0,121.8,5.0,126.0,7.0,121.5,1.0,126.9,5.0,120.5,1.0,127.0,1.0
272,Germany_Baseload#19#0#10000106,2021-10-25 08:22:25.226000,123.5,1.0,124.25,2.0,123.4,1.0,124.35,2.0,123.0,1.0,124.5,1.0,122.5,1.0,124.9,1.0,122.47,2.0,124.93,2.0,122.3,1.0,125.0,3.0,122.0,1.0,125.25,5.0,121.8,5.0,126.0,7.0,121.5,1.0,126.9,5.0,120.5,1.0,127.0,1.0
273,Germany_Baseload#19#0#10000106,2021-10-25 08:24:14.014000,123.5,1.0,124.25,2.0,123.4,1.0,124.35,2.0,123.0,1.0,124.5,1.0,122.5,1.0,124.93,2.0,122.47,2.0,125.0,3.0,122.3,1.0,125.25,5.0,122.0,1.0,126.0,7.0,121.8,5.0,126.9,5.0,121.5,1.0,127.0,1.0,120.5,1.0,130.0,1.0
274,Germany_Baseload#19#0#10000106,2021-10-25 08:24:15.358000,123.5,1.0,124.25,2.0,123.4,1.0,124.35,2.0,123.0,1.0,124.5,1.0,122.5,1.0,124.93,1.0,122.47,2.0,125.0,3.0,122.3,1.0,125.25,5.0,122.0,1.0,126.0,7.0,121.8,5.0,126.9,5.0,121.5,1.0,127.0,1.0,120.5,1.0,130.0,1.0
275,Germany_Baseload#19#0#10000106,2021-10-25 08:24:15.359000,123.5,1.0,124.25,2.0,123.4,1.0,124.35,2.0,123.0,1.0,124.5,1.0,122.5,1.0,125.0,3.0,122.47,2.0,125.25,5.0,122.3,1.0,126.0,7.0,122.0,1.0,126.9,5.0,121.8,5.0,127.0,1.0,121.5,1.0,130.0,1.0,120.5,1.0,132.0,1.0
276,Germany_Baseload#19#0#10000106,2021-10-25 08:25:21.943000,123.5,1.0,124.25,2.0,123.4,1.0,124.35,2.0,123.0,1.0,124.5,1.0,122.98,5.0,124.78,5.0,122.5,1.0,125.0,3.0,122.47,2.0,125.25,5.0,122.3,1.0,126.0,7.0,122.0,1.0,126.9,5.0,121.8,5.0,127.0,1.0,121.5,1.0,130.0,1.0
277,Germany_Baseload#19#0#10000106,2021-10-25 08:25:26.414000,123.5,1.0,124.25,2.0,123.4,1.0,124.35,2.0,123.05,1.0,124.5,1.0,123.0,1.0,124.78,5.0,122.98,5.0,125.0,3.0,122.5,1.0,125.25,5.0,122.47,2.0,126.0,7.0,122.3,1.0,126.9,5.0,122.0,1.0,127.0,1.0,121.8,5.0,130.0,1.0
278,Germany_Baseload#19#0#10000106,2021-10-25 08:25:35.573000,123.5,1.0,124.25,2.0,123.4,1.0,124.35,2.0,123.05,1.0,124.5,1.0,123.0,1.0,124.7,1.0,122.98,5.0,124.78,5.0,122.5,1.0,125.0,3.0,122.47,2.0,125.25,5.0,122.3,1.0,126.0,7.0,122.0,1.0,126.9,5.0,121.8,5.0,127.0,1.0
279,Germany_Baseload#19#0#10000106,2021-10-25 08:25:59.911000,123.5,1.0,124.25,2.0,123.4,1.0,124.35,2.0,123.05,1.0,124.5,1.0,123.0,1.0,124.7,1.0,122.98,5.0,124.78,5.0,122.5,1.0,125.0,3.0,122.47,2.0,125.25,5.0,122.3,1.0,126.0,7.0,122.0,1.0,126.9,5.0,121.8,5.0,127.0,1.0
280,Germany_Baseload#19#0#10000106,2021-10-25 08:27:21.713000,123.5,1.0,124.25,1.0,123.4,1.0,124.35,2.0,123.05,1.0,124.5,1.0,123.0,1.0,124.7,1.0,122.98,5.0,124.78,5.0,122.5,1.0,125.0,3.0,122.47,2.0,125.25,5.0,122.3,1.0,126.0,7.0,122.0,1.0,126.9,5.0,121.8,5.0,127.0,1.0
281,Germany_Baseload#19#0#10000106,2021-10-25 08:27:55.524000,123.5,1.0,124.25,1.0,123.4,1.0,124.35,2.0,123.0,1.0,124.5,1.0,122.98,5.0,124.7,1.0,122.5,1.0,124.78,5.0,122.47,2.0,125.0,3.0,122.3,1.0,125.25,5.0,122.0,1.0,126.0,7.0,121.8,5.0,126.9,5.0,121.5,1.0,127.0,1.0
282,Germany_Baseload#19#0#10000106,2021-10-25 08:28:16.342000,123.5,1.0,124.25,2.0,123.4,1.0,124.35,2.0,123.0,1.0,124.5,1.0,122.98,5.0,124.7,1.0,122.5,1.0,124.78,5.0,122.47,2.0,125.0,3.0,122.3,1.0,125.25,5.0,122.0,1.0,126.0,7.0,121.8,5.0,126.9,5.0,121.5,1.0,127.0,1.0
283,Germany_Baseload#19#0#10000106,2021-10-25 08:28:27.040000,123.5,1.0,124.1,1.0,123.4,1.0,124.25,2.0,123.0,1.0,124.35,2.0,122.98,5.0,124.5,1.0,122.5,1.0,124.7,1.0,122.47,2.0,124.78,5.0,122.3,1.0,125.0,3.0,122.0,1.0,125.25,5.0,121.8,5.0,126.0,7.0,121.5,1.0,126.9,5.0
284,Germany_Baseload#19#0#10000106,2021-10-25 08:28:27.139000,123.5,1.0,124.1,1.0,123.4,1.0,124.25,2.0,123.0,1.0,124.35,1.0,122.98,5.0,124.5,1.0,122.5,1.0,124.7,1.0,122.47,2.0,124.78,5.0,122.3,1.0,125.0,3.0,122.0,1.0,125.25,5.0,121.8,5.0,126.0,7.0,121.5,1.0,126.9,5.0
285,Germany_Baseload#19#0#10000106,2021-10-25 08:28:27.147000,123.5,1.0,124.1,1.0,123.4,1.0,124.25,2.0,123.0,1.0,124.35,1.0,122.9,5.0,124.5,1.0,122.5,1.0,124.7,1.0,122.47,2.0,124.78,5.0,122.3,1.0,125.0,3.0,122.0,1.0,125.25,5.0,121.8,5.0,126.0,7.0,121.5,1.0,126.9,5.0
286,Germany_Baseload#19#0#10000106,2021-10-25 08:28:27.148000,123.5,1.0,124.1,1.0,123.4,1.0,124.25,2.0,123.0,1.0,124.35,1.0,122.9,5.0,124.5,1.0,122.5,1.0,124.7,6.0,122.47,2.0,125.0,3.0,122.3,1.0,125.25,5.0,122.0,1.0,126.0,7.0,121.8,5.0,126.9,5.0,121.5,1.0,127.0,1.0
287,Germany_Baseload#19#0#10000106,2021-10-25 08:28:41.607000,123.5,1.0,124.05,1.0,123.4,1.0,124.1,1.0,123.0,1.0,124.25,2.0,122.9,5.0,124.35,1.0,122.5,1.0,124.5,1.0,122.47,2.0,124.7,6.0,122.3,1.0,125.0,3.0,122.0,1.0,125.25,5.0,121.8,5.0,126.0,7.0,121.5,1.0,126.9,5.0
288,Germany_Baseload#19#0#10000106,2021-10-25 08:28:41.624000,123.5,1.0,124.05,1.0,123.4,1.0,124.1,1.0,123.0,1.0,124.25,2.0,122.88,5.0,124.35,1.0,122.5,1.0,124.5,1.0,122.47,2.0,124.68,5.0,122.3,1.0,124.7,1.0,122.0,1.0,125.0,3.0,121.8,5.0,125.25,5.0,121.5,1.0,126.0,7.0
289,Germany_Baseload#19#0#10000106,2021-10-25 08:28:54.094000,123.5,1.0,124.05,1.0,123.4,1.0,124.1,1.0,123.0,1.0,124.15,1.0,122.88,5.0,124.25,2.0,122.5,1.0,124.5,1.0,122.47,2.0,124.68,5.0,122.3,1.0,124.7,1.0,122.0,1.0,125.0,3.0,121.8,5.0,125.25,5.0,121.5,1.0,126.0,7.0
290,Germany_Baseload#19#0#10000106,2021-10-25 08:28:55.871000,123.5,1.0,124.05,1.0,123.4,1.0,124.1,1.0,123.0,1.0,124.15,1.0,122.88,5.0,124.25,2.0,122.5,1.0,124.5,1.0,122.47,2.0,124.68,5.0,122.3,1.0,124.7,1.0,122.0,1.0,125.0,2.0,121.8,5.0,125.25,5.0,121.5,1.0,126.0,7.0
291,Germany_Baseload#19#0#10000106,2021-10-25 08:29:21.836000,123.5,1.0,124.05,1.0,123.4,1.0,124.1,1.0,123.0,1.0,124.15,1.0,122.88,5.0,124.25,2.0,122.5,1.0,124.5,1.0,122.47,2.0,124.68,5.0,122.3,1.0,124.7,1.0,122.0,1.0,125.0,2.0,121.8,5.0,125.25,5.0,121.5,1.0,125.8,5.0
292,Germany_Baseload#19#0#10000106,2021-10-25 08:29:21.837000,123.5,1.0,124.05,1.0,123.4,1.0,124.1,1.0,123.0,1.0,124.15,1.0,122.88,5.0,124.25,2.0,122.5,1.0,124.5,1.0,122.47,2.0,124.68,5.0,122.3,1.0,124.7,1.0,122.0,1.0,125.0,2.0,121.8,5.0,125.25,5.0,121.5,1.0,125.8,5.0
293,Germany_Baseload#19#0#10000106,2021-10-25 08:29:36.516000,123.5,1.0,124.05,1.0,123.4,1.0,124.1,1.0,123.0,1.0,124.15,1.0,122.88,5.0,124.25,2.0,122.5,1.0,124.5,1.0,122.47,2.0,124.68,5.0,122.3,1.0,124.7,1.0,122.0,1.0,125.0,2.0,121.8,5.0,125.25,5.0,121.5,1.0,125.8,5.0
294,Germany_Baseload#19#0#10000106,2021-10-25 08:30:20.413000,123.5,1.0,124.1,1.0,123.4,1.0,124.15,1.0,123.0,1.0,124.25,2.0,122.88,5.0,124.5,1.0,122.5,1.0,124.68,5.0,122.47,2.0,124.7,1.0,122.3,1.0,125.0,2.0,122.0,1.0,125.25,5.0,121.8,5.0,125.8,5.0,121.5,1.0,126.0,2.0
295,Germany_Baseload#19#0#10000106,2021-10-25 08:30:20.531000,123.5,1.0,124.1,1.0,123.4,1.0,124.2,1.0,123.0,1.0,124.25,2.0,122.9,5.0,124.5,1.0,122.5,1.0,124.68,5.0,122.47,2.0,124.7,6.0,122.3,1.0,125.0,2.0,122.0,1.0,125.25,5.0,121.8,5.0,125.8,5.0,121.5,1.0,126.0,2.0
296,Germany_Baseload#19#0#10000106,2021-10-25 08:30:20.532000,123.5,1.0,124.1,1.0,123.4,1.0,124.2,1.0,123.0,1.0,124.25,2.0,122.9,5.0,124.5,1.0,122.5,1.0,124.7,6.0,122.47,2.0,125.0,2.0,122.3,1.0,125.25,5.0,122.0,1.0,125.8,5.0,121.8,5.0,126.0,2.0,121.5,1.0,126.9,5.0
297,Germany_Baseload#19#0#10000106,2021-10-25 08:30:20.614000,123.5,1.0,124.1,1.0,123.4,1.0,124.2,1.0,123.0,1.0,124.25,2.0,122.88,5.0,124.5,1.0,122.5,1.0,124.68,5.0,122.47,2.0,124.7,1.0,122.3,1.0,125.0,2.0,122.0,1.0,125.25,5.0,121.8,5.0,125.8,5.0,121.5,1.0,126.0,2.0
298,Germany_Baseload#19#0#10000106,2021-10-25 08:30:32.844000,123.5,1.0,124.1,1.0,123.4,1.0,124.2,1.0,123.1,1.0,124.25,2.0,123.0,1.0,124.5,1.0,122.9,5.0,124.7,6.0,122.5,1.0,125.0,2.0,122.47,2.0,125.25,5.0,122.3,1.0,125.8,5.0,122.0,1.0,126.0,2.0,121.8,5.0,126.9,5.0
299,Germany_Baseload#19#0#10000106,2021-10-25 08:30:41.964000,123.75,1.0,124.1,1.0,123.5,1.0,124.2,1.0,123.4,1.0,124.25,2.0,123.1,1.0,124.5,1.0,123.0,1.0,124.7,6.0,122.9,5.0,125.0,2.0,122.5,1.0,125.25,5.0,122.47,2.0,125.8,5.0,122.3,1.0,126.0,2.0,122.0,1.0,126.9,5.0
300,Germany_Baseload#19#0#10000106,2021-10-25 08:30:42.184000,123.75,1.0,124.1,1.0,123.5,1.0,124.2,1.0,123.4,1.0,124.25,2.0,123.1,1.0,124.5,1.0,123.03,5.0,124.7,6.0,123.0,1.0,125.0,2.0,122.9,5.0,125.25,5.0,122.5,1.0,125.8,5.0,122.47,2.0,126.0,2.0,122.3,1.0,126.9,5.0
301,Germany_Baseload#19#0#10000106,2021-10-25 08:30:42.185000,123.75,1.0,124.1,1.0,123.5,1.0,124.2,1.0,123.4,1.0,124.25,2.0,123.1,1.0,124.5,1.0,123.03,5.0,124.7,1.0,123.0,1.0,124.83,5.0,122.5,1.0,125.0,2.0,122.47,2.0,125.25,5.0,122.3,1.0,125.8,5.0,122.0,1.0,126.0,2.0
302,Germany_Baseload#19#0#10000106,2021-10-25 08:30:50.740000,123.75,1.0,124.1,1.0,123.5,1.0,124.2,1.0,123.4,1.0,124.25,2.0,123.1,1.0,124.5,1.0,123.03,5.0,124.6,1.0,123.0,1.0,124.7,1.0,122.5,1.0,124.83,5.0,122.47,2.0,125.0,2.0,122.3,1.0,125.25,5.0,122.0,1.0,125.8,5.0
303,Germany_Baseload#19#0#10000106,2021-10-25 08:30:56.090000,123.75,1.0,124.1,1.0,123.65,1.0,124.2,1.0,123.5,1.0,124.25,2.0,123.1,1.0,124.5,1.0,123.03,5.0,124.6,1.0,123.0,1.0,124.7,1.0,122.5,1.0,124.83,5.0,122.47,2.0,125.0,2.0,122.3,1.0,125.25,5.0,122.0,1.0,125.8,5.0
304,Germany_Baseload#19#0#10000106,2021-10-25 08:31:59.441000,123.75,1.0,124.05,1.0,123.65,1.0,124.1,1.0,123.5,1.0,124.2,1.0,123.1,1.0,124.25,2.0,123.03,5.0,124.5,1.0,123.0,1.0,124.6,1.0,122.5,1.0,124.7,1.0,122.47,2.0,124.83,5.0,122.3,1.0,125.0,2.0,122.0,1.0,125.25,5.0
305,Germany_Baseload#19#0#10000106,2021-10-25 08:31:59.499000,123.75,1.0,124.05,1.0,123.65,1.0,124.1,1.0,123.5,1.0,124.2,1.0,123.1,1.0,124.25,2.0,123.0,6.0,124.5,1.0,122.5,1.0,124.6,1.0,122.47,2.0,124.7,1.0,122.3,1.0,124.83,5.0,122.0,1.0,125.0,2.0,121.8,5.0,125.25,5.0
306,Germany_Baseload#19#0#10000106,2021-10-25 08:31:59.500000,123.75,1.0,124.05,1.0,123.65,1.0,124.1,1.0,123.5,1.0,124.2,1.0,123.1,1.0,124.25,2.0,123.0,6.0,124.5,1.0,122.5,1.0,124.6,1.0,122.47,2.0,124.7,1.0,122.3,1.0,124.8,5.0,122.0,1.0,125.0,2.0,121.8,5.0,125.25,5.0
307,Germany_Baseload#19#0#10000106,2021-10-25 08:32:08.657000,123.75,1.0,124.05,1.0,123.65,1.0,124.1,1.0,123.5,1.0,124.2,1.0,123.1,1.0,124.25,2.0,123.0,6.0,124.5,1.0,122.5,1.0,124.55,1.0,122.47,2.0,124.7,1.0,122.3,1.0,124.8,5.0,122.0,1.0,125.0,2.0,121.8,5.0,125.25,5.0
308,Germany_Baseload#19#0#10000106,2021-10-25 08:32:09.297000,123.75,1.0,124.05,1.0,123.65,1.0,124.1,1.0,123.5,1.0,124.2,1.0,123.1,1.0,124.25,2.0,123.0,6.0,124.5,1.0,122.5,1.0,124.7,1.0,122.47,2.0,124.8,5.0,122.3,1.0,125.0,2.0,122.0,1.0,125.25,5.0,121.8,5.0,125.8,5.0
309,Germany_Baseload#19#0#10000106,2021-10-25 08:32:14.386000,123.65,1.0,124.05,1.0,123.5,1.0,124.1,1.0,123.1,1.0,124.2,1.0,123.0,6.0,124.25,2.0,122.5,1.0,124.5,1.0,122.47,2.0,124.7,1.0,122.3,1.0,124.8,5.0,122.0,1.0,125.0,2.0,121.8,5.0,125.25,5.0,121.5,1.0,125.8,5.0
310,Germany_Baseload#19#0#10000106,2021-10-25 08:32:14.484000,123.65,1.0,124.05,1.0,123.5,1.0,124.1,1.0,123.1,1.0,124.15,1.0,123.0,6.0,124.25,2.0,122.5,1.0,124.5,1.0,122.47,2.0,124.7,1.0,122.3,1.0,124.8,5.0,122.0,1.0,125.0,2.0,121.8,5.0,125.25,5.0,121.5,1.0,125.8,5.0
311,Germany_Baseload#19#0#10000106,2021-10-25 08:32:14.584000,123.5,1.0,124.05,1.0,123.4,1.0,124.1,1.0,123.1,1.0,124.15,1.0,123.0,6.0,124.25,2.0,122.5,1.0,124.5,1.0,122.47,2.0,124.7,1.0,122.3,1.0,124.8,5.0,122.0,1.0,125.0,2.0,121.8,5.0,125.25,5.0,121.5,1.0,125.8,5.0
312,Germany_Baseload#19#0#10000106,2021-10-25 08:32:15.039000,123.5,1.0,124.05,1.0,123.4,1.0,124.1,1.0,123.1,1.0,124.15,1.0,123.0,1.0,124.25,2.0,122.95,5.0,124.5,1.0,122.5,1.0,124.7,1.0,122.47,2.0,124.75,5.0,122.3,1.0,125.0,2.0,122.0,1.0,125.25,5.0,121.8,5.0,125.8,5.0
313,Germany_Baseload#19#0#10000106,2021-10-25 08:32:15.056000,123.5,1.0,124.05,1.0,123.4,1.0,124.1,1.0,123.1,1.0,124.15,1.0,123.0,1.0,124.25,2.0,122.88,5.0,124.5,1.0,122.5,1.0,124.68,5.0,122.47,2.0,124.7,1.0,122.3,1.0,125.0,2.0,122.0,1.0,125.25,5.0,121.8,5.0,125.8,5.0
314,Germany_Baseload#19#0#10000106,2021-10-25 08:32:15.967000,123.5,1.0,124.05,1.0,123.4,1.0,124.1,1.0,123.1,1.0,124.15,1.0,123.0,1.0,124.25,2.0,122.88,5.0,124.5,1.0,122.5,1.0,124.68,5.0,122.47,2.0,124.7,1.0,122.3,1.0,125.0,2.0,122.0,1.0,125.25,5.0,121.8,5.0,125.8,5.0
315,Germany_Baseload#19#0#10000106,2021-10-25 08:32:15.968000,123.5,1.0,124.1,1.0,123.4,1.0,124.15,1.0,123.1,1.0,124.25,2.0,123.0,1.0,124.5,1.0,122.88,5.0,124.68,5.0,122.5,1.0,124.7,1.0,122.47,2.0,125.0,2.0,122.3,1.0,125.25,5.0,122.0,1.0,125.8,5.0,121.8,5.0,126.0,2.0
316,Germany_Baseload#19#0#10000106,2021-10-25 08:32:16.073000,123.5,1.0,124.1,1.0,123.4,1.0,124.15,1.0,123.1,1.0,124.25,2.0,123.0,1.0,124.5,1.0,122.9,5.0,124.7,6.0,122.5,1.0,125.0,2.0,122.47,2.0,125.25,5.0,122.3,1.0,125.8,5.0,122.0,1.0,126.0,2.0,121.8,5.0,126.9,5.0
317,Germany_Baseload#19#0#10000106,2021-10-25 08:32:16.169000,123.5,1.0,124.1,1.0,123.4,1.0,124.2,1.0,123.1,1.0,124.25,2.0,123.0,1.0,124.5,1.0,122.9,5.0,124.7,6.0,122.5,1.0,125.0,2.0,122.47,2.0,125.25,5.0,122.3,1.0,125.8,5.0,122.0,1.0,126.0,2.0,121.8,5.0,126.9,5.0
318,Germany_Baseload#19#0#10000106,2021-10-25 08:32:18.398000,123.5,1.0,124.1,2.0,123.4,1.0,124.2,1.0,123.1,1.0,124.25,2.0,123.0,1.0,124.5,1.0,122.9,5.0,124.7,6.0,122.5,1.0,125.0,2.0,122.47,2.0,125.25,5.0,122.3,1.0,125.8,5.0,122.0,1.0,126.0,2.0,121.8,5.0,126.9,5.0
319,Germany_Baseload#19#0#10000106,2021-10-25 08:32:20.533000,123.5,1.0,124.1,2.0,123.4,1.0,124.2,1.0,123.0,1.0,124.25,2.0,122.9,5.0,124.5,1.0,122.5,1.0,124.7,6.0,122.47,2.0,125.0,2.0,122.3,1.0,125.25,5.0,122.0,1.0,125.8,5.0,121.8,5.0,126.0,2.0,121.5,1.0,126.9,5.0
320,Germany_Baseload#19#0#10000106,2021-10-25 08:32:46.218000,123.5,1.0,124.1,2.0,123.4,1.0,124.2,1.0,123.0,1.0,124.25,2.0,122.9,5.0,124.5,1.0,122.5,1.0,124.51,5.0,122.47,2.0,124.7,6.0,122.3,1.0,125.0,2.0,122.0,1.0,125.25,5.0,121.8,5.0,125.8,5.0,121.5,1.0,126.0,2.0
321,Germany_Baseload#19#0#10000106,2021-10-25 08:33:34.682000,123.5,1.0,124.1,2.0,123.4,1.0,124.2,1.0,123.0,1.0,124.25,2.0,122.9,5.0,124.45,1.0,122.5,1.0,124.5,1.0,122.47,2.0,124.51,5.0,122.3,1.0,124.7,6.0,122.0,1.0,125.0,2.0,121.8,5.0,125.25,5.0,121.5,1.0,125.8,5.0
322,Germany_Baseload#19#0#10000106,2021-10-25 08:33:41.081000,123.5,1.0,124.1,2.0,123.4,1.0,124.2,1.0,123.05,1.0,124.25,2.0,123.0,1.0,124.45,1.0,122.9,5.0,124.5,1.0,122.5,1.0,124.51,5.0,122.47,2.0,124.7,6.0,122.3,1.0,125.0,2.0,122.0,1.0,125.25,5.0,121.8,5.0,125.8,5.0
323,Germany_Baseload#19#0#10000106,2021-10-25 08:33:56.171000,123.5,1.0,124.1,2.0,123.4,1.0,124.2,1.0,123.05,1.0,124.25,2.0,123.0,1.0,124.44,5.0,122.9,5.0,124.45,1.0,122.5,1.0,124.5,1.0,122.47,2.0,124.7,6.0,122.3,1.0,125.0,2.0,122.0,1.0,125.25,5.0,121.8,5.0,125.8,5.0
324,Germany_Baseload#19#0#10000106,2021-10-25 08:34:42.053000,123.5,1.0,124.1,2.0,123.4,1.0,124.2,1.0,123.05,1.0,124.25,2.0,123.0,1.0,124.4,1.0,122.9,5.0,124.44,5.0,122.5,1.0,124.5,1.0,122.47,2.0,124.7,6.0,122.3,1.0,125.0,2.0,122.0,1.0,125.25,5.0,121.8,5.0,125.8,5.0
325,Germany_Baseload#19#0#10000106,2021-10-25 08:34:47.569000,123.5,1.0,124.1,2.0,123.4,1.0,124.2,1.0,123.05,1.0,124.25,2.0,123.0,1.0,124.35,1.0,122.9,5.0,124.44,5.0,122.5,1.0,124.5,1.0,122.47,2.0,124.7,6.0,122.3,1.0,125.0,2.0,122.0,1.0,125.25,5.0,121.8,5.0,125.8,5.0
326,Germany_Baseload#19#0#10000106,2021-10-25 08:34:56.259000,123.5,1.0,124.1,2.0,123.4,1.0,124.2,1.0,123.05,1.0,124.25,2.0,123.0,1.0,124.3,1.0,122.9,5.0,124.44,5.0,122.5,1.0,124.5,1.0,122.47,2.0,124.7,6.0,122.3,1.0,125.0,2.0,122.0,1.0,125.25,5.0,121.8,5.0,125.8,5.0
327,Germany_Baseload#19#0#10000106,2021-10-25 08:34:57.121000,123.5,1.0,123.96,1.0,123.4,1.0,124.1,1.0,123.05,1.0,124.2,1.0,123.0,1.0,124.25,2.0,122.9,5.0,124.3,1.0,122.5,1.0,124.44,5.0,122.47,2.0,124.5,1.0,122.3,1.0,124.7,6.0,122.0,1.0,125.0,2.0,121.8,5.0,125.25,5.0
328,Germany_Baseload#19#0#10000106,2021-10-25 08:34:57.136000,123.5,1.0,123.96,1.0,123.4,1.0,124.1,1.0,123.05,1.0,124.2,1.0,123.0,1.0,124.25,2.0,122.83,5.0,124.3,1.0,122.5,1.0,124.44,5.0,122.47,2.0,124.5,1.0,122.3,1.0,124.63,5.0,122.0,1.0,124.7,1.0,121.8,5.0,125.0,2.0
329,Germany_Baseload#19#0#10000106,2021-10-25 08:34:58.743000,123.5,1.0,124.1,2.0,123.4,1.0,124.2,1.0,123.05,1.0,124.25,2.0,123.0,1.0,124.3,1.0,122.83,5.0,124.44,5.0,122.5,1.0,124.5,1.0,122.47,2.0,124.63,5.0,122.3,1.0,124.7,1.0,122.0,1.0,125.0,2.0,121.8,5.0,125.25,5.0
330,Germany_Baseload#19#0#10000106,2021-10-25 08:34:58.755000,123.5,1.0,124.1,2.0,123.4,1.0,124.2,1.0,123.05,1.0,124.25,2.0,123.0,1.0,124.3,1.0,122.9,5.0,124.44,5.0,122.5,1.0,124.5,1.0,122.47,2.0,124.7,6.0,122.3,1.0,125.0,2.0,122.0,1.0,125.25,5.0,121.8,5.0,125.8,5.0
331,Germany_Baseload#19#0#10000106,2021-10-25 08:35:01.314000,123.5,1.0,123.9,1.0,123.4,1.0,124.1,1.0,123.05,1.0,124.2,1.0,123.0,1.0,124.25,2.0,122.9,5.0,124.3,1.0,122.5,1.0,124.44,5.0,122.47,2.0,124.5,1.0,122.3,1.0,124.7,6.0,122.0,1.0,125.0,2.0,121.8,5.0,125.25,5.0
332,Germany_Baseload#19#0#10000106,2021-10-25 08:35:01.315000,123.5,1.0,123.9,1.0,123.4,1.0,124.1,1.0,123.05,1.0,124.2,1.0,123.0,1.0,124.25,2.0,122.9,5.0,124.3,1.0,122.5,1.0,124.44,5.0,122.47,2.0,124.5,1.0,122.3,1.0,124.7,6.0,122.0,1.0,125.0,2.0,121.8,5.0,125.25,5.0
333,Germany_Baseload#19#0#10000106,2021-10-25 08:35:01.380000,123.5,1.0,123.9,1.0,123.4,1.0,124.1,1.0,123.05,1.0,124.2,1.0,123.0,1.0,124.25,2.0,122.8,5.0,124.3,1.0,122.5,1.0,124.44,5.0,122.47,2.0,124.5,1.0,122.3,1.0,124.6,5.0,122.0,1.0,124.7,1.0,121.8,5.0,125.0,2.0
334,Germany_Baseload#19#0#10000106,2021-10-25 08:35:05.314000,123.5,1.0,123.9,1.0,123.4,1.0,124.1,1.0,123.05,1.0,124.2,1.0,123.0,1.0,124.25,2.0,122.8,5.0,124.3,1.0,122.5,1.0,124.38,5.0,122.47,2.0,124.5,1.0,122.3,1.0,124.6,5.0,122.0,1.0,124.7,1.0,121.8,5.0,125.0,2.0
335,Germany_Baseload#19#0#10000106,2021-10-25 08:35:14.340000,123.5,1.0,123.9,1.0,123.4,1.0,124.1,1.0,123.05,1.0,124.2,1.0,123.0,1.0,124.25,2.0,122.8,5.0,124.3,1.0,122.5,1.0,124.5,1.0,122.47,2.0,124.6,5.0,122.3,1.0,124.7,1.0,122.0,1.0,125.0,2.0,121.8,5.0,125.25,5.0
336,Germany_Baseload#19#0#10000106,2021-10-25 08:35:14.419000,123.5,1.0,123.9,1.0,123.4,1.0,124.1,1.0,123.05,1.0,124.2,1.0,123.0,1.0,124.25,2.0,122.8,5.0,124.3,1.0,122.5,1.0,124.43,5.0,122.47,2.0,124.5,1.0,122.3,1.0,124.6,5.0,122.0,1.0,124.7,1.0,121.8,5.0,125.0,2.0
337,Germany_Baseload#19#0#10000106,2021-10-25 08:35:20.085000,123.5,1.0,123.9,1.0,123.4,1.0,124.0,1.0,123.05,1.0,124.1,1.0,123.0,1.0,124.25,2.0,122.8,5.0,124.3,1.0,122.5,1.0,124.43,5.0,122.47,2.0,124.5,1.0,122.3,1.0,124.6,5.0,122.0,1.0,124.7,1.0,121.8,5.0,125.0,2.0
338,Germany_Baseload#19#0#10000106,2021-10-25 08:35:26.427000,123.5,1.0,124.0,2.0,123.4,1.0,124.1,1.0,123.05,1.0,124.25,2.0,123.0,1.0,124.3,1.0,122.8,5.0,124.43,5.0,122.5,1.0,124.5,1.0,122.47,2.0,124.6,5.0,122.3,1.0,124.7,1.0,122.0,1.0,125.0,2.0,121.8,5.0,125.25,5.0
339,Germany_Baseload#19#0#10000106,2021-10-25 08:35:26.449000,123.5,1.0,124.0,1.0,123.4,1.0,124.1,1.0,123.05,1.0,124.25,2.0,123.0,1.0,124.3,1.0,122.85,5.0,124.43,5.0,122.8,5.0,124.5,1.0,122.5,1.0,124.6,5.0,122.47,2.0,124.7,1.0,122.3,1.0,125.0,2.0,122.0,1.0,125.25,5.0
340,Germany_Baseload#19#0#10000106,2021-10-25 08:35:26.450000,123.5,1.0,124.0,1.0,123.4,1.0,124.1,1.0,123.05,1.0,124.25,2.0,123.0,1.0,124.3,1.0,122.85,5.0,124.43,5.0,122.5,1.0,124.5,1.0,122.47,2.0,124.65,5.0,122.3,1.0,124.7,1.0,122.0,1.0,125.0,2.0,121.8,5.0,125.25,5.0
341,Germany_Baseload#19#0#10000106,2021-10-25 08:35:26.552000,123.5,1.0,123.9,1.0,123.4,1.0,124.1,1.0,123.05,1.0,124.25,2.0,123.0,1.0,124.3,1.0,122.85,5.0,124.43,5.0,122.5,1.0,124.5,1.0,122.47,2.0,124.65,5.0,122.3,1.0,124.7,1.0,122.0,1.0,125.0,2.0,121.8,5.0,125.25,5.0
342,Germany_Baseload#19#0#10000106,2021-10-25 08:35:26.569000,123.5,1.0,123.9,1.0,123.4,1.0,124.1,1.0,123.05,1.0,124.25,2.0,123.0,1.0,124.3,1.0,122.8,5.0,124.43,5.0,122.5,1.0,124.5,1.0,122.47,2.0,124.6,5.0,122.3,1.0,124.65,5.0,122.0,1.0,124.7,1.0,121.8,5.0,125.0,2.0
343,Germany_Baseload#19#0#10000106,2021-10-25 08:35:26.570000,123.5,1.0,123.9,1.0,123.4,1.0,124.1,1.0,123.05,1.0,124.25,2.0,123.0,1.0,124.3,1.0,122.8,5.0,124.43,5.0,122.5,1.0,124.5,1.0,122.47,2.0,124.6,5.0,122.3,1.0,124.7,1.0,122.0,1.0,125.0,2.0,121.8,5.0,125.25,5.0
344,Germany_Baseload#19#0#10000106,2021-10-25 08:35:26.618000,123.5,1.0,124.0,1.0,123.4,1.0,124.1,1.0,123.05,1.0,124.25,2.0,123.0,1.0,124.3,1.0,122.8,5.0,124.43,5.0,122.5,1.0,124.5,1.0,122.47,2.0,124.6,5.0,122.3,1.0,124.7,1.0,122.0,1.0,125.0,2.0,121.8,5.0,125.25,5.0
345,Germany_Baseload#19#0#10000106,2021-10-25 08:35:26.739000,123.5,1.0,124.0,1.0,123.4,1.0,124.1,1.0,123.05,1.0,124.25,2.0,123.0,1.0,124.3,1.0,122.8,5.0,124.43,5.0,122.5,1.0,124.5,1.0,122.47,2.0,124.6,5.0,122.3,1.0,124.7,1.0,122.0,1.0,125.0,2.0,121.8,5.0,125.25,5.0
346,Germany_Baseload#19#0#10000106,2021-10-25 08:35:26.741000,123.5,1.0,124.0,1.0,123.4,1.0,124.1,1.0,123.05,1.0,124.25,2.0,123.0,1.0,124.3,1.0,122.85,5.0,124.43,5.0,122.5,1.0,124.5,1.0,122.47,2.0,124.65,5.0,122.3,1.0,124.7,1.0,122.0,1.0,125.0,2.0,121.8,5.0,125.25,5.0
347,Germany_Baseload#19#0#10000106,2021-10-25 08:35:27.110000,123.5,1.0,123.9,1.0,123.4,1.0,124.1,1.0,123.05,1.0,124.25,2.0,123.0,1.0,124.3,1.0,122.85,5.0,124.43,5.0,122.5,1.0,124.5,1.0,122.47,2.0,124.65,5.0,122.3,1.0,124.7,1.0,122.0,1.0,125.0,2.0,121.8,5.0,125.25,5.0
348,Germany_Baseload#19#0#10000106,2021-10-25 08:35:27.121000,123.5,1.0,123.9,1.0,123.4,1.0,124.1,1.0,123.05,1.0,124.25,2.0,123.0,1.0,124.3,1.0,122.8,5.0,124.43,5.0,122.5,1.0,124.5,1.0,122.47,2.0,124.6,5.0,122.3,1.0,124.7,1.0,122.0,1.0,125.0,2.0,121.8,5.0,125.25,5.0
349,Germany_Baseload#19#0#10000106,2021-10-25 08:35:29.516000,123.5,1.0,124.1,1.0,123.4,1.0,124.25,2.0,123.05,1.0,124.3,1.0,123.0,1.0,124.43,5.0,122.8,5.0,124.5,1.0,122.5,1.0,124.6,5.0,122.47,2.0,124.7,1.0,122.3,1.0,125.0,2.0,122.0,1.0,125.25,5.0,121.8,5.0,125.8,5.0
350,Germany_Baseload#19#0#10000106,2021-10-25 08:35:29.609000,123.5,1.0,124.1,1.0,123.4,1.0,124.2,1.0,123.05,1.0,124.25,2.0,123.0,1.0,124.3,1.0,122.9,5.0,124.43,5.0,122.5,1.0,124.5,1.0,122.47,2.0,124.7,6.0,122.3,1.0,125.0,2.0,122.0,1.0,125.25,5.0,121.8,5.0,125.8,5.0
351,Germany_Baseload#19#0#10000106,2021-10-25 08:35:29.609000,123.5,1.0,124.1,1.0,123.4,1.0,124.2,1.0,123.05,1.0,124.25,2.0,123.0,1.0,124.3,1.0,122.8,5.0,124.43,5.0,122.5,1.0,124.5,1.0,122.47,2.0,124.6,5.0,122.3,1.0,124.7,1.0,122.0,1.0,125.0,2.0,121.8,5.0,125.25,5.0
352,Germany_Baseload#19#0#10000106,2021-10-25 08:35:44.551000,123.5,1.0,124.1,2.0,123.4,1.0,124.2,1.0,123.05,1.0,124.25,2.0,123.0,1.0,124.3,1.0,122.9,5.0,124.43,5.0,122.5,1.0,124.5,1.0,122.47,2.0,124.7,6.0,122.3,1.0,125.0,2.0,122.0,1.0,125.25,5.0,121.8,5.0,125.8,5.0
353,Germany_Baseload#19#0#10000106,2021-10-25 08:36:12.061000,123.5,1.0,124.1,2.0,123.4,1.0,124.2,1.0,123.05,1.0,124.25,2.0,123.0,1.0,124.3,1.0,122.9,5.0,124.43,5.0,122.5,1.0,124.5,1.0,122.47,2.0,124.7,6.0,122.3,1.0,125.0,2.0,122.0,1.0,125.25,5.0,121.8,5.0,125.8,5.0
354,Germany_Baseload#19#0#10000106,2021-10-25 08:36:14.202000,123.5,1.0,124.1,2.0,123.4,1.0,124.2,1.0,123.05,1.0,124.25,2.0,123.0,1.0,124.3,1.0,122.9,5.0,124.43,5.0,122.5,1.0,124.5,1.0,122.47,2.0,124.7,6.0,122.3,1.0,125.0,2.0,122.0,1.0,125.25,5.0,121.8,5.0,125.8,5.0
355,Germany_Baseload#19#0#10000106,2021-10-25 08:36:16.534000,123.5,1.0,124.1,2.0,123.4,1.0,124.2,1.0,123.05,1.0,124.25,2.0,123.0,1.0,124.3,1.0,122.9,5.0,124.39,5.0,122.5,1.0,124.5,1.0,122.47,2.0,124.7,6.0,122.3,1.0,125.0,2.0,122.0,1.0,125.25,5.0,121.8,5.0,125.8,5.0
356,Germany_Baseload#19#0#10000106,2021-10-25 08:37:04.096000,123.5,1.0,124.1,2.0,123.4,1.0,124.2,1.0,123.05,1.0,124.25,2.0,123.0,1.0,124.3,1.0,122.9,5.0,124.39,5.0,122.5,1.0,124.5,1.0,122.47,2.0,124.7,6.0,122.3,1.0,125.0,2.0,122.0,1.0,125.25,5.0,121.8,5.0,125.8,5.0
357,Germany_Baseload#19#0#10000106,2021-10-25 08:37:17.532000,123.5,1.0,124.1,2.0,123.4,1.0,124.2,1.0,123.05,1.0,124.25,2.0,123.0,1.0,124.3,1.0,122.9,5.0,124.34,5.0,122.5,1.0,124.5,1.0,122.47,2.0,124.7,6.0,122.3,1.0,125.0,2.0,122.0,1.0,125.25,5.0,121.8,5.0,125.8,5.0
358,Germany_Baseload#19#0#10000106,2021-10-25 08:37:32.958000,123.5,1.0,124.0,1.0,123.4,1.0,124.1,2.0,123.05,1.0,124.2,1.0,123.0,1.0,124.25,2.0,122.9,5.0,124.3,1.0,122.5,1.0,124.34,5.0,122.47,2.0,124.5,1.0,122.3,1.0,124.7,6.0,122.0,1.0,125.0,2.0,121.8,5.0,125.25,5.0
359,Germany_Baseload#19#0#10000106,2021-10-25 08:37:32.973000,123.5,1.0,124.0,1.0,123.4,1.0,124.03,1.0,123.05,1.0,124.1,2.0,123.0,1.0,124.2,1.0,122.9,5.0,124.25,2.0,122.5,1.0,124.3,1.0,122.47,2.0,124.34,5.0,122.3,1.0,124.5,1.0,122.0,1.0,124.7,6.0,121.8,5.0,125.0,2.0
360,Germany_Baseload#19#0#10000106,2021-10-25 08:37:32.989000,123.5,1.0,124.0,1.0,123.4,1.0,124.03,2.0,123.05,1.0,124.1,2.0,123.0,1.0,124.2,1.0,122.9,5.0,124.25,2.0,122.5,1.0,124.3,1.0,122.47,2.0,124.34,5.0,122.3,1.0,124.5,1.0,122.0,1.0,124.7,6.0,121.8,5.0,125.0,2.0
361,Germany_Baseload#19#0#10000106,2021-10-25 08:37:33.116000,123.5,1.0,124.0,1.0,123.4,1.0,124.03,2.0,123.05,1.0,124.1,1.0,123.0,1.0,124.2,1.0,122.9,5.0,124.25,2.0,122.5,1.0,124.3,1.0,122.47,2.0,124.34,5.0,122.3,1.0,124.5,1.0,122.0,1.0,124.7,6.0,121.8,5.0,125.0,2.0
362,Germany_Baseload#19#0#10000106,2021-10-25 08:37:33.117000,123.5,1.0,124.0,1.0,123.4,1.0,124.03,2.0,123.05,1.0,124.1,1.0,123.0,1.0,124.2,1.0,122.9,5.0,124.25,2.0,122.5,1.0,124.3,1.0,122.47,2.0,124.34,5.0,122.3,1.0,124.5,1.0,122.0,1.0,124.7,6.0,121.8,5.0,125.0,2.0
363,Germany_Baseload#19#0#10000106,2021-10-25 08:37:33.142000,123.5,1.0,124.0,1.0,123.4,1.0,124.03,2.0,123.05,1.0,124.1,1.0,123.0,1.0,124.2,1.0,122.85,5.0,124.25,2.0,122.5,1.0,124.3,1.0,122.47,2.0,124.34,5.0,122.3,1.0,124.5,1.0,122.0,1.0,124.65,5.0,121.8,5.0,124.7,6.0
364,Germany_Baseload#19#0#10000106,2021-10-25 08:37:33.143000,123.5,1.0,124.0,1.0,123.4,1.0,124.03,2.0,123.05,1.0,124.1,1.0,123.0,1.0,124.2,1.0,122.85,5.0,124.25,2.0,122.5,1.0,124.3,1.0,122.47,2.0,124.34,5.0,122.3,1.0,124.5,1.0,122.0,1.0,124.65,5.0,121.8,5.0,124.7,1.0
365,Germany_Baseload#19#0#10000106,2021-10-25 08:37:34.506000,123.5,1.0,124.0,1.0,123.4,1.0,124.03,2.0,123.05,1.0,124.1,1.0,123.0,1.0,124.2,1.0,122.85,5.0,124.25,2.0,122.5,1.0,124.3,1.0,122.47,2.0,124.5,1.0,122.3,1.0,124.65,5.0,122.0,1.0,124.7,1.0,121.8,5.0,125.0,2.0
366,Germany_Baseload#19#0#10000106,2021-10-25 08:37:34.590000,123.5,1.0,124.0,1.0,123.4,1.0,124.03,2.0,123.05,1.0,124.1,1.0,123.0,1.0,124.2,1.0,122.85,5.0,124.25,2.0,122.5,1.0,124.3,1.0,122.47,2.0,124.39,5.0,122.3,1.0,124.5,1.0,122.0,1.0,124.65,5.0,121.8,5.0,124.7,1.0
367,Germany_Baseload#19#0#10000106,2021-10-25 08:37:40.441000,123.5,1.0,124.0,1.0,123.4,1.0,124.03,2.0,123.05,1.0,124.1,1.0,123.0,1.0,124.2,1.0,122.85,5.0,124.25,2.0,122.5,1.0,124.3,1.0,122.47,2.0,124.39,5.0,122.3,1.0,124.5,1.0,122.0,1.0,124.65,5.0,121.8,5.0,124.7,1.0
368,Germany_Baseload#19#0#10000106,2021-10-25 08:37:50.024000,123.5,1.0,124.0,1.0,123.4,1.0,124.03,2.0,123.05,1.0,124.1,1.0,123.0,1.0,124.25,2.0,122.85,5.0,124.3,1.0,122.5,1.0,124.39,5.0,122.47,2.0,124.5,1.0,122.3,1.0,124.65,5.0,122.0,1.0,124.7,1.0,121.8,5.0,125.0,2.0
369,Germany_Baseload#19#0#10000106,2021-10-25 08:38:37.156000,123.5,1.0,124.0,1.0,123.4,1.0,124.03,2.0,123.05,1.0,124.1,1.0,123.0,1.0,124.25,2.0,122.85,5.0,124.3,1.0,122.5,1.0,124.36,5.0,122.47,2.0,124.5,1.0,122.3,1.0,124.65,5.0,122.0,1.0,124.7,1.0,121.8,5.0,125.0,2.0
370,Germany_Baseload#19#0#10000106,2021-10-25 08:39:09.939000,123.5,1.0,124.0,1.0,123.4,1.0,124.03,2.0,123.05,1.0,124.1,1.0,123.0,1.0,124.25,2.0,122.85,5.0,124.3,1.0,122.5,1.0,124.36,5.0,122.47,2.0,124.5,1.0,122.3,1.0,124.65,5.0,122.0,1.0,124.7,1.0,121.8,5.0,125.0,2.0
371,Germany_Baseload#19#0#10000106,2021-10-25 08:39:09.940000,123.5,1.0,124.0,1.0,123.4,1.0,124.03,2.0,123.05,1.0,124.1,1.0,123.0,1.0,124.25,2.0,122.85,5.0,124.3,1.0,122.5,1.0,124.36,5.0,122.47,2.0,124.5,1.0,122.3,1.0,124.65,5.0,122.0,1.0,124.7,1.0,121.8,5.0,125.0,2.0
372,Germany_Baseload#19#0#10000106,2021-10-25 08:39:10.040000,123.5,1.0,124.0,1.0,123.4,1.0,124.03,2.0,123.05,1.0,124.1,1.0,123.0,1.0,124.2,1.0,122.85,5.0,124.25,2.0,122.5,1.0,124.3,1.0,122.47,2.0,124.36,5.0,122.3,1.0,124.5,1.0,122.0,1.0,124.65,5.0,121.8,5.0,124.7,1.0
373,Germany_Baseload#19#0#10000106,2021-10-25 08:39:13.168000,123.5,1.0,124.0,1.0,123.4,1.0,124.03,2.0,123.05,1.0,124.1,1.0,123.0,1.0,124.2,1.0,122.85,5.0,124.25,2.0,122.5,1.0,124.36,5.0,122.47,2.0,124.5,1.0,122.3,1.0,124.65,5.0,122.0,1.0,124.7,1.0,121.8,5.0,125.0,2.0
374,Germany_Baseload#19#0#10000106,2021-10-25 08:39:28.783000,123.5,1.0,124.0,1.0,123.4,1.0,124.03,2.0,123.05,1.0,124.1,1.0,123.0,1.0,124.2,1.0,122.85,5.0,124.25,2.0,122.5,1.0,124.5,1.0,122.47,2.0,124.65,5.0,122.3,1.0,124.7,1.0,122.0,1.0,125.0,2.0,121.8,5.0,125.25,5.0
375,Germany_Baseload#19#0#10000106,2021-10-25 08:39:28.863000,123.5,1.0,124.0,1.0,123.4,1.0,124.03,2.0,123.05,1.0,124.1,1.0,123.0,1.0,124.2,1.0,122.85,5.0,124.25,2.0,122.5,1.0,124.38,5.0,122.47,2.0,124.5,1.0,122.3,1.0,124.65,5.0,122.0,1.0,124.7,1.0,121.8,5.0,125.0,2.0
376,Germany_Baseload#19#0#10000106,2021-10-25 08:40:30.129000,123.5,1.0,124.0,1.0,123.4,1.0,124.03,2.0,123.0,1.0,124.1,1.0,122.85,5.0,124.2,1.0,122.5,1.0,124.25,2.0,122.47,2.0,124.38,5.0,122.3,1.0,124.5,1.0,122.0,1.0,124.65,5.0,121.8,5.0,124.7,1.0,121.5,1.0,125.0,2.0
377,Germany_Baseload#19#0#10000106,2021-10-25 08:40:30.129000,123.5,1.0,124.0,1.0,123.4,1.0,124.03,2.0,123.05,1.0,124.1,1.0,123.0,1.0,124.2,1.0,122.85,5.0,124.25,2.0,122.5,1.0,124.38,5.0,122.47,2.0,124.5,1.0,122.3,1.0,124.65,5.0,122.0,1.0,124.7,1.0,121.8,5.0,125.0,2.0
378,Germany_Baseload#19#0#10000106,2021-10-25 08:40:30.160000,123.5,1.0,124.0,1.0,123.4,1.0,124.03,2.0,123.05,1.0,124.1,1.0,123.02,1.0,124.2,1.0,123.0,1.0,124.25,2.0,122.85,5.0,124.38,5.0,122.5,1.0,124.5,1.0,122.47,2.0,124.65,5.0,122.3,1.0,124.7,1.0,122.0,1.0,125.0,2.0
379,Germany_Baseload#19#0#10000106,2021-10-25 08:40:30.191000,123.5,1.0,124.0,1.0,123.4,1.0,124.03,2.0,123.05,1.0,124.1,1.0,123.02,1.0,124.2,1.0,123.0,1.0,124.25,2.0,122.99,1.0,124.38,5.0,122.85,5.0,124.5,1.0,122.5,2.0,124.65,5.0,122.3,1.0,124.7,1.0,122.0,1.0,125.0,2.0
380,Germany_Baseload#19#0#10000106,2021-10-25 08:40:30.200000,123.5,1.0,124.0,1.0,123.4,1.0,124.03,2.0,123.05,1.0,124.1,1.0,123.02,1.0,124.2,1.0,123.0,1.0,124.25,2.0,122.85,5.0,124.38,5.0,122.5,1.0,124.5,1.0,122.47,1.0,124.65,5.0,122.3,1.0,124.7,1.0,122.0,1.0,125.0,2.0
381,Germany_Baseload#19#0#10000106,2021-10-25 08:40:30.204000,123.5,1.0,124.0,1.0,123.4,1.0,124.03,2.0,123.05,1.0,124.1,1.0,123.02,1.0,124.2,1.0,123.0,1.0,124.25,2.0,122.85,5.0,124.38,5.0,122.5,2.0,124.5,1.0,122.3,1.0,124.65,5.0,122.0,1.0,124.7,1.0,121.8,5.0,125.0,2.0
382,Germany_Baseload#19#0#10000106,2021-10-25 08:40:34.802000,123.5,1.0,124.0,1.0,123.4,1.0,124.03,2.0,123.05,1.0,124.1,1.0,123.02,1.0,124.2,1.0,123.0,1.0,124.25,2.0,122.99,1.0,124.32,5.0,122.85,5.0,124.5,1.0,122.5,2.0,124.65,5.0,122.3,1.0,124.7,1.0,122.0,1.0,125.0,2.0
383,Germany_Baseload#19#0#10000106,2021-10-25 08:40:37.225000,123.5,1.0,124.03,2.0,123.4,1.0,124.1,1.0,123.05,1.0,124.2,1.0,123.02,1.0,124.25,2.0,123.0,1.0,124.32,5.0,122.99,1.0,124.5,1.0,122.85,5.0,124.65,5.0,122.5,2.0,124.7,1.0,122.3,1.0,125.0,2.0,122.0,1.0,125.25,5.0
384,Germany_Baseload#19#0#10000106,2021-10-25 08:40:37.256000,123.5,1.0,124.03,1.0,123.4,1.0,124.1,1.0,123.05,1.0,124.2,1.0,123.02,1.0,124.25,2.0,123.0,1.0,124.32,5.0,122.99,1.0,124.5,1.0,122.85,5.0,124.65,5.0,122.5,2.0,124.7,1.0,122.3,1.0,125.0,2.0,122.0,1.0,125.25,5.0
385,Germany_Baseload#19#0#10000106,2021-10-25 08:40:37.263000,123.5,1.0,124.1,1.0,123.4,1.0,124.2,1.0,123.05,1.0,124.25,2.0,123.02,1.0,124.32,5.0,123.0,1.0,124.5,1.0,122.99,1.0,124.65,5.0,122.85,5.0,124.7,1.0,122.5,2.0,125.0,2.0,122.3,1.0,125.25,5.0,122.0,1.0,125.8,5.0
386,Germany_Baseload#19#0#10000106,2021-10-25 08:40:37.482000,123.5,1.0,124.1,1.0,123.4,1.0,124.2,1.0,123.05,1.0,124.25,2.0,123.02,1.0,124.32,5.0,123.0,1.0,124.5,1.0,122.99,1.0,124.65,5.0,122.9,5.0,124.7,1.0,122.5,2.0,125.0,2.0,122.3,1.0,125.25,5.0,122.0,1.0,125.8,5.0
387,Germany_Baseload#19#0#10000106,2021-10-25 08:40:37.483000,123.5,1.0,124.1,1.0,123.4,1.0,124.2,1.0,123.05,1.0,124.25,2.0,123.02,1.0,124.32,5.0,123.0,1.0,124.5,1.0,122.99,1.0,124.7,6.0,122.9,5.0,125.0,2.0,122.5,2.0,125.25,5.0,122.3,1.0,125.8,5.0,122.0,1.0,126.0,2.0
388,Germany_Baseload#19#0#10000106,2021-10-25 08:41:06.919000,123.5,1.0,124.1,1.0,123.4,1.0,124.2,1.0,123.05,1.0,124.25,2.0,123.02,1.0,124.32,5.0,123.0,1.0,124.5,1.0,122.99,1.0,124.7,6.0,122.9,5.0,125.0,2.0,122.5,2.0,125.25,5.0,122.3,1.0,125.8,6.0,122.0,1.0,126.0,2.0
389,Germany_Baseload#19#0#10000106,2021-10-25 08:41:39.682000,123.5,1.0,124.1,1.0,123.4,1.0,124.2,1.0,123.05,1.0,124.25,2.0,123.02,1.0,124.31,5.0,123.0,1.0,124.5,1.0,122.99,1.0,124.7,6.0,122.9,5.0,125.0,2.0,122.5,2.0,125.25,5.0,122.3,1.0,125.8,6.0,122.0,1.0,126.0,2.0
