,key,Datetime,BidPrice_0,BidVolume_0,AskPrice_0,AskVolume_0,BidPrice_1,BidVolume_1,AskPrice_1,AskVolume_1,BidPrice_2,BidVolume_2,AskPrice_2,AskVolume_2,BidPrice_3,BidVolume_3,AskPrice_3,AskVolume_3,BidPrice_4,BidVolume_4,AskPrice_4,AskVolume_4,BidPrice_5,BidVolume_5,AskPrice_5,AskVolume_5,BidPrice_6,BidVolume_6,AskPrice_6,AskVolume_6,BidPrice_7,BidVolume_7,AskPrice_7,AskVolume_7,BidPrice_8,BidVolume_8,AskPrice_8,AskVolume_8,BidPrice_9,BidVolume_9,AskPrice_9,AskVolume_9
0,Germany_Baseload#19#0#10000106,2021-10-28 05:51:59.542000,,,121.05,1.0,,,,,,,,,,,,,,,,,,,,,,,,,,,,,,,,,,,,
1,Germany_Baseload#19#0#10000106,2021-10-28 06:00:26.639000,52.0,1.0,121.0,1.0,48.0,3.0,121.05,1.0,,,122.5,1.0,,,125.0,1.0,,,,,,,,,,,,,,,,,,,,,,,,
2,Germany_Baseload#19#0#10000106,2021-10-28 06:00:50.144000,52.0,1.0,121.0,2.0,48.0,3.0,121.05,1.0,,,122.5,1.0,,,,,,,,,,,,,,,,,,,,,,,,,,,,
3,Germany_Baseload#19#0#10000106,2021-10-28 06:00:55.543000,52.0,1.0,120.95,2.0,48.0,3.0,121.0,2.0,,,121.05,1.0,,,122.5,1.0,,,,,,,,,,,,,,,,,,,,,,,,
4,Germany_Baseload#19#0#10000106,2021-10-28 06:01:04.295000,52.0,1.0,120.0,1.0,48.0,3.0,120.95,2.0,,,121.0,2.0,,,121.05,1.0,,,122.5,1.0,,,,,,,,,,,,,,,,,,,,
5,Germany_Baseload#19#0#10000106,2021-10-28 06:01:04.296000,52.0,1.0,120.0,1.0,48.0,3.0,120.95,2.0,,,121.0,1.0,,,121.05,1.0,,,122.5,1.0,,,,,,,,,,,,,,,,,,,,
6,Germany_Baseload#19#0#10000106,2021-10-28 06:01:15.378000,52.0,1.0,120.0,1.0,48.0,3.0,120.95,2.0,,,121.0,1.0,,,121.05,1.0,,,122.5,1.0,,,,,,,,,,,,,,,,,,,,
7,Germany_Baseload#19#0#10000106,2021-10-28 06:01:18.587000,60.0,1.0,120.0,1.0,52.0,1.0,120.95,2.0,48.0,3.0,121.0,1.0,,,121.05,1.0,,,122.5,1.0,,,,,,,,,,,,,,,,,,,,
8,Germany_Baseload#19#0#10000106,2021-10-28 06:01:22.015000,60.0,1.0,119.95,2.0,52.0,1.0,120.0,1.0,48.0,3.0,120.95,2.0,,,121.0,1.0,,,121.05,1.0,,,122.5,1.0,,,,,,,,,,,,,,,,
9,Germany_Baseload#19#0#10000106,2021-10-28 06:01:22.016000,60.0,1.0,119.95,2.0,52.0,1.0,120.0,1.0,48.0,3.0,121.0,1.0,,,121.05,1.0,,,122.5,1.0,,,,,,,,,,,,,,,,,,,,
10,Germany_Baseload#19#0#10000106,2021-10-28 06:01:26.203000,110.0,1.0,119.95,2.0,60.0,1.0,120.0,1.0,52.0,1.0,121.0,1.0,48.0,3.0,121.05,1.0,,,122.5,1.0,,,,,,,,,,,,,,,,,,,,
11,Germany_Baseload#19#0#10000106,2021-10-28 06:02:00.375000,110.0,1.0,119.95,2.0,60.0,1.0,120.0,2.0,52.0,1.0,121.05,1.0,48.0,3.0,122.5,1.0,,,,,,,,,,,,,,,,,,,,,,,,
12,Germany_Baseload#19#0#10000106,2021-10-28 06:02:12.708000,110.0,1.0,119.75,1.0,60.0,1.0,119.95,2.0,52.0,1.0,120.0,1.0,48.0,3.0,121.05,1.0,,,122.5,1.0,,,,,,,,,,,,,,,,,,,,
13,Germany_Baseload#19#0#10000106,2021-10-28 06:02:23.542000,110.0,1.0,119.7,2.0,60.0,1.0,119.75,1.0,52.0,1.0,119.95,2.0,48.0,3.0,120.0,1.0,,,121.05,1.0,,,122.5,1.0,,,,,,,,,,,,,,,,
14,Germany_Baseload#19#0#10000106,2021-10-28 06:02:23.543000,110.0,1.0,119.7,2.0,60.0,1.0,119.75,1.0,52.0,1.0,120.0,1.0,48.0,3.0,121.05,1.0,,,122.5,1.0,,,,,,,,,,,,,,,,,,,,
15,Germany_Baseload#19#0#10000106,2021-10-28 06:02:24.663000,110.0,1.0,119.7,2.0,60.0,1.0,119.75,1.0,52.0,1.0,120.0,1.0,48.0,3.0,122.5,1.0,,,,,,,,,,,,,,,,,,,,,,,,
16,Germany_Baseload#19#0#10000106,2021-10-28 06:02:24.710000,110.0,1.0,119.7,2.0,60.0,1.0,119.75,1.0,52.0,1.0,120.0,1.0,48.0,3.0,122.5,1.0,,,,,,,,,,,,,,,,,,,,,,,,
17,Germany_Baseload#19#0#10000106,2021-10-28 06:02:28.037000,110.0,1.0,119.7,1.0,60.0,1.0,119.75,2.0,52.0,1.0,120.0,1.0,48.0,3.0,122.5,1.0,,,,,,,,,,,,,,,,,,,,,,,,
18,Germany_Baseload#19#0#10000106,2021-10-28 06:02:29.261000,110.0,1.0,119.5,1.0,60.0,1.0,119.7,1.0,52.0,1.0,119.75,1.0,48.0,3.0,120.0,1.0,,,122.5,1.0,,,,,,,,,,,,,,,,,,,,
19,Germany_Baseload#19#0#10000106,2021-10-28 06:02:33.174000,110.0,1.0,119.5,2.0,60.0,1.0,119.75,1.0,52.0,1.0,120.0,1.0,48.0,3.0,122.5,1.0,,,,,,,,,,,,,,,,,,,,,,,,
20,Germany_Baseload#19#0#10000106,2021-10-28 06:02:34.054000,110.0,1.0,119.5,2.0,60.0,1.0,120.0,1.0,52.0,1.0,122.5,1.0,48.0,3.0,,,,,,,,,,,,,,,,,,,,,,,,,,
21,Germany_Baseload#19#0#10000106,2021-10-28 06:02:34.086000,110.0,1.0,119.5,3.0,60.0,1.0,120.0,1.0,52.0,1.0,122.5,1.0,48.0,3.0,,,,,,,,,,,,,,,,,,,,,,,,,,
22,Germany_Baseload#19#0#10000106,2021-10-28 06:02:36.313000,110.0,1.0,119.5,1.0,60.0,1.0,120.0,1.0,52.0,1.0,122.5,1.0,48.0,3.0,,,,,,,,,,,,,,,,,,,,,,,,,,
23,Germany_Baseload#19#0#10000106,2021-10-28 06:09:14.716000,110.0,1.0,119.0,1.0,60.0,1.0,119.5,1.0,52.0,1.0,120.0,1.0,48.0,3.0,122.5,1.0,,,,,,,,,,,,,,,,,,,,,,,,
24,Germany_Baseload#19#0#10000106,2021-10-28 06:09:47.287000,110.0,1.0,118.95,1.0,60.0,1.0,119.0,1.0,52.0,1.0,119.5,1.0,48.0,3.0,120.0,1.0,,,122.5,1.0,,,,,,,,,,,,,,,,,,,,
25,Germany_Baseload#19#0#10000106,2021-10-28 06:09:47.288000,110.0,1.0,118.95,1.0,60.0,1.0,119.0,1.0,52.0,1.0,119.5,1.0,48.0,3.0,120.0,1.0,,,122.5,1.0,,,,,,,,,,,,,,,,,,,,
26,Germany_Baseload#19#0#10000106,2021-10-28 06:10:00.518000,110.0,1.0,118.75,1.0,60.0,1.0,118.95,1.0,52.0,1.0,119.0,1.0,48.0,3.0,119.5,1.0,,,120.0,1.0,,,122.5,1.0,,,,,,,,,,,,,,,,
27,Germany_Baseload#19#0#10000106,2021-10-28 06:10:21.769000,110.5,2.0,118.75,1.0,110.0,1.0,118.95,1.0,60.0,1.0,119.0,1.0,52.0,1.0,119.5,1.0,48.0,3.0,120.0,1.0,,,122.5,1.0,,,,,,,,,,,,,,,,
28,Germany_Baseload#19#0#10000106,2021-10-28 06:10:33.528000,110.5,2.0,118.7,1.0,110.0,1.0,118.75,1.0,60.0,1.0,119.0,1.0,52.0,1.0,119.5,1.0,48.0,3.0,120.0,1.0,,,122.5,1.0,,,,,,,,,,,,,,,,
29,Germany_Baseload#19#0#10000106,2021-10-28 06:10:42.493000,110.5,2.0,118.7,2.0,110.0,1.0,119.0,1.0,60.0,1.0,119.5,1.0,52.0,1.0,120.0,1.0,48.0,3.0,122.5,1.0,,,,,,,,,,,,,,,,,,,,
30,Germany_Baseload#19#0#10000106,2021-10-28 06:10:42.734000,110.5,2.0,118.65,1.0,110.0,1.0,118.7,1.0,60.0,1.0,119.0,1.0,52.0,1.0,119.5,1.0,48.0,3.0,120.0,1.0,,,122.5,1.0,,,,,,,,,,,,,,,,
31,Germany_Baseload#19#0#10000106,2021-10-28 06:11:05.375000,110.5,2.0,118.6,1.0,110.0,1.0,118.65,1.0,60.0,1.0,119.0,1.0,52.0,1.0,119.5,1.0,48.0,3.0,120.0,1.0,,,122.5,1.0,,,,,,,,,,,,,,,,
32,Germany_Baseload#19#0#10000106,2021-10-28 06:14:33.310000,110.5,2.0,118.5,1.0,110.0,1.0,118.6,1.0,60.0,1.0,118.65,1.0,52.0,1.0,119.5,1.0,48.0,3.0,120.0,1.0,,,122.5,1.0,,,,,,,,,,,,,,,,
33,Germany_Baseload#19#0#10000106,2021-10-28 06:15:10.108000,110.5,2.0,118.45,1.0,110.0,1.0,118.5,1.0,60.0,1.0,118.65,1.0,52.0,1.0,119.5,1.0,48.0,3.0,120.0,1.0,,,122.5,1.0,,,,,,,,,,,,,,,,
34,Germany_Baseload#19#0#10000106,2021-10-28 06:15:36.567000,110.5,2.0,118.45,1.0,110.0,1.0,118.5,1.0,103.0,1.0,118.65,1.0,60.0,1.0,119.5,1.0,52.0,1.0,120.0,1.0,48.0,3.0,122.5,1.0,,,,,,,,,,,,,,,,
35,Germany_Baseload#19#0#10000106,2021-10-28 06:15:43.956000,110.5,2.0,118.0,1.0,110.0,1.0,118.45,1.0,103.0,1.0,118.65,1.0,60.0,1.0,119.5,1.0,52.0,1.0,120.0,1.0,48.0,3.0,122.5,1.0,,,,,,,,,,,,,,,,
36,Germany_Baseload#19#0#10000106,2021-10-28 06:16:31.059000,111.0,2.0,118.0,1.0,110.5,2.0,118.45,1.0,110.0,1.0,118.65,1.0,103.0,1.0,119.5,1.0,60.0,1.0,120.0,1.0,52.0,1.0,122.5,1.0,48.0,3.0,,,,,,,,,,,,,,
37,Germany_Baseload#19#0#10000106,2021-10-28 06:16:46.400000,111.0,2.0,118.0,1.0,110.5,2.0,118.45,1.0,110.0,1.0,118.65,1.0,103.0,1.0,119.5,1.0,60.0,1.0,120.0,1.0,52.0,1.0,122.5,1.0,48.0,3.0,,,,,,,,,,,,,,
38,Germany_Baseload#19#0#10000106,2021-10-28 06:16:56.644000,111.0,2.0,118.0,1.0,110.5,2.0,118.45,1.0,103.0,1.0,118.65,1.0,60.0,1.0,119.5,1.0,52.0,1.0,120.0,1.0,48.0,3.0,122.5,1.0,,,,,,,,,,,,,,,,
39,Germany_Baseload#19#0#10000106,2021-10-28 06:17:19.170000,111.0,2.0,117.95,1.0,110.5,2.0,118.0,1.0,103.0,1.0,118.65,1.0,60.0,1.0,119.5,1.0,52.0,1.0,120.0,1.0,48.0,3.0,122.5,1.0,,,,,,,,,,,,,,,,
40,Germany_Baseload#19#0#10000106,2021-10-28 06:18:21.314000,111.0,2.0,117.75,1.0,110.5,2.0,117.95,1.0,103.0,1.0,118.65,1.0,60.0,1.0,119.5,1.0,52.0,1.0,120.0,1.0,48.0,3.0,122.5,1.0,,,,,,,,,,,,,,,,
41,Germany_Baseload#19#0#10000106,2021-10-28 06:18:31.980000,111.0,2.0,117.7,1.0,110.5,2.0,117.75,1.0,103.0,1.0,118.65,1.0,60.0,1.0,119.5,1.0,52.0,1.0,120.0,1.0,48.0,3.0,122.5,1.0,,,,,,,,,,,,,,,,
42,Germany_Baseload#19#0#10000106,2021-10-28 06:18:42.402000,111.0,2.0,117.7,1.0,110.5,2.0,118.65,1.0,103.0,1.0,119.5,1.0,60.0,1.0,120.0,1.0,52.0,1.0,122.5,1.0,48.0,3.0,,,,,,,,,,,,,,,,,,
43,Germany_Baseload#19#0#10000106,2021-10-28 06:19:12.260000,111.0,2.0,117.7,1.0,110.5,2.0,118.6,1.0,103.0,1.0,118.65,1.0,60.0,1.0,119.5,1.0,52.0,1.0,120.0,1.0,48.0,3.0,122.5,1.0,,,,,,,,,,,,,,,,
44,Germany_Baseload#19#0#10000106,2021-10-28 06:19:12.261000,111.0,2.0,118.6,1.0,110.5,2.0,118.65,1.0,103.0,1.0,119.5,1.0,60.0,1.0,120.0,1.0,52.0,1.0,122.5,1.0,48.0,3.0,,,,,,,,,,,,,,,,,,
45,Germany_Baseload#19#0#10000106,2021-10-28 06:19:31.905000,111.0,2.0,118.6,1.0,110.5,2.0,118.65,1.0,103.0,1.0,119.5,1.0,60.0,1.0,120.0,1.0,52.0,1.0,122.5,1.0,48.0,3.0,,,,,,,,,,,,,,,,,,
46,Germany_Baseload#19#0#10000106,2021-10-28 06:20:50.460000,111.0,2.0,118.6,1.0,110.5,2.0,118.65,1.0,103.0,1.0,120.0,1.0,60.0,1.0,122.5,1.0,52.0,1.0,,,48.0,3.0,,,,,,,,,,,,,,,,,,
47,Germany_Baseload#19#0#10000106,2021-10-28 06:20:50.492000,111.0,2.0,118.6,2.0,110.5,2.0,118.65,1.0,103.0,1.0,120.0,1.0,60.0,1.0,122.5,1.0,52.0,1.0,,,48.0,3.0,,,,,,,,,,,,,,,,,,
48,Germany_Baseload#19#0#10000106,2021-10-28 06:23:52.822000,111.0,2.0,118.6,1.0,110.5,2.0,118.65,1.0,103.0,1.0,120.0,1.0,60.0,1.0,122.5,1.0,52.0,1.0,,,48.0,3.0,,,,,,,,,,,,,,,,,,
49,Germany_Baseload#19#0#10000106,2021-10-28 06:24:07.094000,111.1,1.0,118.6,1.0,111.0,2.0,118.65,1.0,110.5,2.0,120.0,1.0,103.0,1.0,122.5,1.0,60.0,1.0,,,52.0,1.0,,,48.0,3.0,,,,,,,,,,,,,,
50,Germany_Baseload#19#0#10000106,2021-10-28 06:24:14.790000,111.1,1.0,118.6,2.0,111.0,2.0,118.65,1.0,110.5,2.0,120.0,1.0,103.0,1.0,122.5,1.0,60.0,1.0,,,52.0,1.0,,,48.0,3.0,,,,,,,,,,,,,,
51,Germany_Baseload#19#0#10000106,2021-10-28 06:26:50.089000,111.1,1.0,117.0,1.0,111.0,2.0,118.6,2.0,110.5,2.0,118.65,1.0,103.0,1.0,120.0,1.0,60.0,1.0,122.5,1.0,52.0,1.0,,,48.0,3.0,,,,,,,,,,,,,,
52,Germany_Baseload#19#0#10000106,2021-10-28 06:27:20.554000,111.1,1.0,116.75,1.0,111.0,2.0,117.0,1.0,110.5,2.0,118.6,2.0,103.0,1.0,118.65,1.0,60.0,1.0,120.0,1.0,52.0,1.0,122.5,1.0,48.0,3.0,,,,,,,,,,,,,,
53,Germany_Baseload#19#0#10000106,2021-10-28 06:27:26.429000,111.1,1.0,116.75,1.0,111.0,2.0,118.6,2.0,110.5,2.0,118.65,1.0,103.0,1.0,120.0,1.0,60.0,1.0,122.5,1.0,52.0,1.0,,,48.0,3.0,,,,,,,,,,,,,,
54,Germany_Baseload#19#0#10000106,2021-10-28 06:27:37.479000,111.1,1.0,116.75,2.0,111.0,2.0,118.6,2.0,110.5,2.0,118.65,1.0,103.0,1.0,120.0,1.0,60.0,1.0,122.5,1.0,52.0,1.0,,,48.0,3.0,,,,,,,,,,,,,,
55,Germany_Baseload#19#0#10000106,2021-10-28 06:27:42.075000,111.1,1.0,116.75,1.0,111.0,2.0,118.6,2.0,110.5,2.0,118.65,1.0,103.0,1.0,120.0,1.0,60.0,1.0,122.5,1.0,52.0,1.0,,,48.0,3.0,,,,,,,,,,,,,,
56,Germany_Baseload#19#0#10000106,2021-10-28 06:28:02.870000,111.1,1.0,116.7,1.0,111.0,2.0,116.75,1.0,110.5,2.0,118.6,1.0,103.0,1.0,118.65,1.0,60.0,1.0,120.0,1.0,52.0,1.0,122.5,1.0,48.0,3.0,,,,,,,,,,,,,,
57,Germany_Baseload#19#0#10000106,2021-10-28 06:28:56.152000,111.1,1.0,116.0,2.0,111.0,2.0,116.7,1.0,110.5,2.0,116.75,1.0,103.0,1.0,118.6,1.0,60.0,1.0,118.65,1.0,52.0,1.0,120.0,1.0,48.0,3.0,122.5,1.0,,,,,,,,,,,,
58,Germany_Baseload#19#0#10000106,2021-10-28 06:29:08.854000,111.1,1.0,115.95,1.0,111.0,2.0,116.0,2.0,110.5,2.0,116.75,1.0,103.0,1.0,118.6,1.0,60.0,1.0,118.65,1.0,52.0,1.0,120.0,1.0,48.0,3.0,122.5,1.0,,,,,,,,,,,,
59,Germany_Baseload#19#0#10000106,2021-10-28 06:29:37.176000,111.1,1.0,115.95,1.0,111.0,2.0,116.0,2.0,110.5,2.0,118.6,1.0,103.0,1.0,118.65,1.0,60.0,1.0,120.0,1.0,52.0,1.0,122.5,1.0,48.0,3.0,,,,,,,,,,,,,,
60,Germany_Baseload#19#0#10000106,2021-10-28 06:30:47.256000,111.1,1.0,115.9,2.0,111.0,2.0,115.95,1.0,110.5,2.0,118.6,1.0,103.0,1.0,118.65,1.0,60.0,1.0,120.0,1.0,52.0,1.0,122.5,1.0,48.0,3.0,,,,,,,,,,,,,,
61,Germany_Baseload#19#0#10000106,2021-10-28 06:30:55.003000,111.1,1.0,115.85,1.0,111.0,2.0,115.9,2.0,110.5,2.0,118.6,1.0,103.0,1.0,118.65,1.0,60.0,1.0,120.0,1.0,52.0,1.0,122.5,1.0,48.0,3.0,,,,,,,,,,,,,,
62,Germany_Baseload#19#0#10000106,2021-10-28 06:31:37.603000,111.1,1.0,115.85,1.0,111.0,5.0,115.9,2.0,110.5,2.0,118.6,1.0,103.0,1.0,118.65,1.0,60.0,1.0,120.0,1.0,52.0,1.0,122.5,1.0,48.0,3.0,,,,,,,,,,,,,,
63,Germany_Baseload#19#0#10000106,2021-10-28 06:32:35.717000,112.0,1.0,115.85,1.0,111.1,1.0,115.9,2.0,111.0,5.0,118.6,1.0,110.5,2.0,118.65,1.0,103.0,1.0,120.0,1.0,60.0,1.0,122.5,1.0,52.0,1.0,,,48.0,3.0,,,,,,,,,,
64,Germany_Baseload#19#0#10000106,2021-10-28 06:33:28.321000,113.0,1.0,115.85,1.0,112.0,1.0,115.9,2.0,111.1,1.0,118.6,1.0,111.0,5.0,118.65,1.0,110.5,2.0,120.0,1.0,103.0,1.0,122.5,1.0,60.0,1.0,,,52.0,1.0,,,48.0,3.0,,,,,,
65,Germany_Baseload#19#0#10000106,2021-10-28 06:34:17.536000,112.0,1.0,115.85,1.0,111.1,1.0,115.9,2.0,111.0,5.0,118.6,1.0,110.5,2.0,118.65,1.0,103.0,1.0,120.0,1.0,60.0,1.0,122.5,1.0,52.0,1.0,,,48.0,3.0,,,,,,,,,,
66,Germany_Baseload#19#0#10000106,2021-10-28 06:35:11.848000,112.0,1.0,115.85,1.0,111.1,1.0,115.9,2.0,111.0,5.0,118.6,1.0,110.5,2.0,118.65,1.0,103.0,1.0,120.0,1.0,60.0,1.0,120.4,5.0,52.0,1.0,122.5,1.0,48.0,3.0,,,,,,,,,,
67,Germany_Baseload#19#0#10000106,2021-10-28 06:36:58.693000,112.05,1.0,115.85,1.0,112.0,1.0,115.9,2.0,111.1,1.0,118.6,1.0,111.0,5.0,118.65,1.0,110.5,2.0,120.0,1.0,103.0,1.0,120.4,5.0,60.0,1.0,122.5,1.0,52.0,1.0,,,48.0,3.0,,,,,,
68,Germany_Baseload#19#0#10000106,2021-10-28 06:37:59.387000,112.05,1.0,115.85,1.0,112.0,1.0,115.9,2.0,111.1,1.0,118.6,1.0,111.0,5.0,118.65,1.0,110.5,2.0,120.0,1.0,103.0,1.0,120.2,5.0,60.0,1.0,122.5,1.0,52.0,1.0,,,48.0,3.0,,,,,,
69,Germany_Baseload#19#0#10000106,2021-10-28 06:38:24.421000,112.05,1.0,115.85,1.0,112.0,1.0,115.9,2.0,111.1,1.0,118.6,1.0,111.0,5.0,118.65,1.0,110.5,2.0,120.0,1.0,103.0,1.0,120.4,5.0,60.0,1.0,122.5,1.0,52.0,1.0,,,48.0,3.0,,,,,,
70,Germany_Baseload#19#0#10000106,2021-10-28 06:39:59.434000,112.05,1.0,115.85,1.0,112.0,1.0,115.9,2.0,111.1,1.0,118.6,1.0,111.0,5.0,118.65,1.0,110.5,2.0,120.0,1.0,103.0,1.0,120.6,5.0,60.0,1.0,122.5,1.0,52.0,1.0,,,48.0,3.0,,,,,,
71,Germany_Baseload#19#0#10000106,2021-10-28 06:40:12.869000,112.05,1.0,115.85,1.0,112.0,1.0,115.9,2.0,111.1,1.0,118.6,1.0,111.0,5.0,118.65,1.0,110.5,2.0,120.0,1.0,103.0,1.0,120.4,5.0,60.0,1.0,122.5,1.0,52.0,1.0,,,48.0,3.0,,,,,,
72,Germany_Baseload#19#0#10000106,2021-10-28 06:40:20.707000,112.05,1.0,115.85,1.0,112.0,1.0,115.9,2.0,111.1,1.0,118.6,1.0,111.0,5.0,118.65,1.0,110.5,2.0,120.0,1.0,103.0,1.0,120.6,5.0,60.0,1.0,122.5,1.0,52.0,1.0,,,48.0,3.0,,,,,,
73,Germany_Baseload#19#0#10000106,2021-10-28 06:41:37.058000,112.05,1.0,115.85,1.0,112.0,1.0,115.9,2.0,111.1,1.0,118.6,1.0,111.0,5.0,118.65,1.0,110.5,2.0,120.0,1.0,103.0,1.0,120.8,5.0,60.0,1.0,122.5,1.0,52.0,1.0,,,48.0,3.0,,,,,,
74,Germany_Baseload#19#0#10000106,2021-10-28 06:41:49.951000,112.05,1.0,115.85,1.0,112.0,1.0,115.9,2.0,111.1,1.0,118.6,1.0,111.0,5.0,118.65,1.0,110.5,2.0,120.0,1.0,103.0,1.0,122.5,1.0,60.0,1.0,125.4,5.0,52.0,1.0,,,48.0,3.0,,,,,,
75,Germany_Baseload#19#0#10000106,2021-10-28 06:41:50.130000,112.05,1.0,115.85,1.0,112.0,1.0,115.9,2.0,111.1,1.0,118.6,1.0,111.0,5.0,118.65,1.0,110.5,2.0,120.0,1.0,103.0,1.0,120.8,5.0,60.0,1.0,122.5,1.0,52.0,1.0,,,48.0,3.0,,,,,,
76,Germany_Baseload#19#0#10000106,2021-10-28 06:41:52.139000,112.05,1.0,115.85,1.0,112.0,1.0,115.9,2.0,111.1,1.0,118.6,1.0,111.0,5.0,118.65,1.0,110.5,2.0,120.0,1.0,103.0,1.0,122.5,1.0,60.0,1.0,,,52.0,1.0,,,48.0,3.0,,,,,,
77,Germany_Baseload#19#0#10000106,2021-10-28 06:41:53.306000,112.05,1.0,115.85,1.0,112.0,1.0,115.9,2.0,111.1,1.0,118.6,1.0,111.0,5.0,118.65,1.0,110.5,2.0,120.0,1.0,103.0,1.0,120.8,5.0,60.0,1.0,122.5,1.0,52.0,1.0,,,48.0,3.0,,,,,,
78,Germany_Baseload#19#0#10000106,2021-10-28 06:41:54.533000,112.05,1.0,115.85,1.0,112.0,1.0,115.9,2.0,111.1,1.0,118.6,1.0,111.0,5.0,118.65,1.0,110.5,2.0,120.0,1.0,103.0,1.0,122.5,1.0,60.0,1.0,,,52.0,1.0,,,48.0,3.0,,,,,,
79,Germany_Baseload#19#0#10000106,2021-10-28 06:42:06.800000,112.05,1.0,115.85,1.0,112.0,1.0,115.9,2.0,111.1,1.0,118.6,1.0,111.0,5.0,118.65,1.0,110.5,2.0,120.0,1.0,103.0,1.0,122.5,1.0,60.0,1.0,125.4,5.0,52.0,1.0,,,48.0,3.0,,,,,,
80,Germany_Baseload#19#0#10000106,2021-10-28 06:43:02.452000,112.05,1.0,115.85,1.0,112.0,1.0,115.9,2.0,111.0,7.0,118.6,1.0,110.5,2.0,118.65,1.0,103.0,1.0,120.0,1.0,60.0,1.0,122.5,1.0,52.0,1.0,125.4,5.0,48.0,3.0,,,,,,,,,,
81,Germany_Baseload#19#0#10000106,2021-10-28 06:44:12.157000,112.05,1.0,115.85,1.0,112.0,1.0,115.9,2.0,111.0,7.0,118.6,1.0,110.5,2.0,118.65,1.0,103.0,1.0,120.0,1.0,60.0,1.0,122.5,1.0,52.0,1.0,127.4,5.0,48.0,3.0,,,,,,,,,,
82,Germany_Baseload#19#0#10000106,2021-10-28 06:44:12.355000,112.05,1.0,115.85,1.0,112.0,1.0,115.9,2.0,111.0,7.0,118.6,1.0,110.5,2.0,118.65,1.0,103.0,1.0,120.0,1.0,60.0,1.0,122.5,1.0,52.0,1.0,125.4,5.0,48.0,3.0,,,,,,,,,,
83,Germany_Baseload#19#0#10000106,2021-10-28 06:45:25.112000,112.05,1.0,115.85,1.0,112.0,1.0,115.9,2.0,111.0,7.0,117.0,1.0,110.5,2.0,118.6,1.0,103.0,1.0,118.65,1.0,60.0,1.0,120.0,1.0,52.0,1.0,122.5,1.0,48.0,3.0,125.4,5.0,,,,,,,,
84,Germany_Baseload#19#0#10000106,2021-10-28 06:45:33.561000,112.05,1.0,115.85,1.0,112.0,1.0,115.9,2.0,111.0,7.0,117.0,1.0,110.5,1.0,118.6,1.0,103.0,1.0,118.65,1.0,60.0,1.0,120.0,1.0,52.0,1.0,122.5,1.0,48.0,3.0,125.4,5.0,,,,,,,,
85,Germany_Baseload#19#0#10000106,2021-10-28 06:45:54.405000,113.0,1.0,115.85,1.0,112.0,1.0,115.9,2.0,111.0,7.0,117.0,1.0,110.5,1.0,118.6,1.0,103.0,1.0,118.65,1.0,60.0,1.0,120.0,1.0,52.0,1.0,122.5,1.0,48.0,3.0,125.4,5.0,,,,,,,,
86,Germany_Baseload#19#0#10000106,2021-10-28 06:46:07.622000,113.0,1.0,115.85,1.0,112.0,1.0,115.9,2.0,111.0,7.0,117.6,1.0,110.5,1.0,118.6,1.0,103.0,1.0,118.65,1.0,60.0,1.0,120.0,1.0,52.0,1.0,122.5,1.0,48.0,3.0,125.4,5.0,,,,,,,,
87,Germany_Baseload#19#0#10000106,2021-10-28 06:46:39.563000,113.0,1.0,115.85,1.0,112.0,1.0,115.9,2.0,111.0,7.0,117.6,1.0,110.5,1.0,118.6,1.0,103.0,1.0,118.65,1.0,60.0,1.0,120.0,1.0,52.0,1.0,121.0,5.0,48.0,3.0,122.5,1.0,,,,,,,,
88,Germany_Baseload#19#0#10000106,2021-10-28 06:47:13.402000,113.1,1.0,115.85,1.0,113.0,1.0,115.9,2.0,112.0,1.0,117.6,1.0,111.0,7.0,118.6,1.0,110.5,1.0,118.65,1.0,103.0,1.0,120.0,1.0,60.0,1.0,121.0,5.0,52.0,1.0,122.5,1.0,48.0,3.0,,,,,,
89,Germany_Baseload#19#0#10000106,2021-10-28 06:47:30.097000,113.1,1.0,115.85,1.0,113.0,1.0,115.9,2.0,112.2,1.0,117.6,1.0,112.0,1.0,118.6,1.0,111.0,7.0,118.65,1.0,110.5,1.0,120.0,1.0,103.0,1.0,121.0,5.0,60.0,1.0,122.5,1.0,52.0,1.0,,,48.0,3.0,,
90,Germany_Baseload#19#0#10000106,2021-10-28 06:47:31.725000,113.1,1.0,115.85,1.0,113.0,1.0,115.9,2.0,112.2,1.0,117.6,1.0,112.0,1.0,118.6,1.0,111.0,7.0,118.65,1.0,110.5,2.0,120.0,1.0,103.0,1.0,121.0,5.0,60.0,1.0,122.5,1.0,52.0,1.0,,,48.0,3.0,,
91,Germany_Baseload#19#0#10000106,2021-10-28 06:47:34.796000,113.1,1.0,115.85,1.0,113.0,1.0,115.9,2.0,112.2,1.0,117.6,1.0,112.0,1.0,118.6,1.0,111.0,7.0,118.65,1.0,110.5,2.0,120.0,1.0,103.0,1.0,120.6,5.0,60.0,1.0,122.5,1.0,52.0,1.0,,,48.0,3.0,,
92,Germany_Baseload#19#0#10000106,2021-10-28 06:47:35.441000,113.1,1.0,115.85,1.0,113.0,1.0,115.9,2.0,112.2,1.0,117.6,1.0,111.0,7.0,118.6,1.0,110.5,2.0,118.65,1.0,103.0,1.0,120.0,1.0,60.0,1.0,120.6,5.0,52.0,1.0,122.5,1.0,48.0,3.0,,,,,,
93,Germany_Baseload#19#0#10000106,2021-10-28 06:47:45.788000,113.15,1.0,115.85,1.0,113.1,1.0,115.9,2.0,112.2,1.0,117.6,1.0,111.0,7.0,118.6,1.0,110.5,2.0,118.65,1.0,103.0,1.0,120.0,1.0,60.0,1.0,120.6,5.0,52.0,1.0,122.5,1.0,48.0,3.0,,,,,,
94,Germany_Baseload#19#0#10000106,2021-10-28 06:47:53.070000,113.15,1.0,115.85,1.0,113.1,1.0,115.9,2.0,112.2,1.0,117.6,1.0,111.0,7.0,118.6,1.0,110.5,2.0,118.65,1.0,103.0,1.0,120.0,1.0,60.0,1.0,120.8,5.0,52.0,1.0,122.5,1.0,48.0,3.0,,,,,,
95,Germany_Baseload#19#0#10000106,2021-10-28 06:47:56.309000,113.2,1.0,115.85,1.0,113.15,1.0,115.9,2.0,112.2,1.0,117.6,1.0,111.0,7.0,118.6,1.0,110.5,2.0,118.65,1.0,103.0,1.0,120.0,1.0,60.0,1.0,120.8,5.0,52.0,1.0,122.5,1.0,48.0,3.0,,,,,,
96,Germany_Baseload#19#0#10000106,2021-10-28 06:47:56.969000,113.2,2.0,115.85,1.0,113.15,1.0,115.9,2.0,112.2,1.0,117.6,1.0,111.0,7.0,118.6,1.0,110.5,2.0,118.65,1.0,103.0,1.0,120.0,1.0,60.0,1.0,120.8,5.0,52.0,1.0,122.5,1.0,48.0,3.0,,,,,,
97,Germany_Baseload#19#0#10000106,2021-10-28 06:47:56.985000,113.2,2.0,115.85,1.0,113.17,1.0,115.9,2.0,113.15,1.0,117.6,1.0,112.2,1.0,118.6,1.0,111.0,7.0,118.65,1.0,110.5,2.0,120.0,1.0,103.0,1.0,120.8,5.0,60.0,1.0,122.5,1.0,52.0,1.0,,,48.0,3.0,,
98,Germany_Baseload#19#0#10000106,2021-10-28 06:47:57.001000,113.2,2.0,115.85,1.0,113.17,2.0,115.9,2.0,113.15,1.0,117.6,1.0,112.2,1.0,118.6,1.0,111.0,7.0,118.65,1.0,110.5,2.0,120.0,1.0,103.0,1.0,120.8,5.0,60.0,1.0,122.5,1.0,52.0,1.0,,,48.0,3.0,,
99,Germany_Baseload#19#0#10000106,2021-10-28 06:47:57.112000,113.2,2.0,115.85,1.0,113.17,2.0,115.9,2.0,113.15,1.0,117.6,1.0,112.2,1.0,118.6,1.0,111.0,7.0,118.65,1.0,110.5,2.0,120.0,1.0,103.0,1.0,121.0,5.0,60.0,1.0,122.5,1.0,52.0,1.0,,,48.0,3.0,,
100,Germany_Baseload#19#0#10000106,2021-10-28 06:48:08.323000,113.2,2.0,115.85,1.0,113.17,2.0,117.6,1.0,113.15,1.0,118.6,1.0,112.2,1.0,118.65,1.0,111.0,7.0,120.0,1.0,110.5,2.0,121.0,5.0,103.0,1.0,122.5,1.0,60.0,1.0,,,52.0,1.0,,,48.0,3.0,,
101,Germany_Baseload#19#0#10000106,2021-10-28 06:48:09.785000,113.3,1.0,115.85,1.0,113.2,2.0,117.6,1.0,113.17,2.0,118.6,1.0,112.2,1.0,118.65,1.0,111.0,7.0,120.0,1.0,110.5,2.0,121.0,5.0,103.0,1.0,122.5,1.0,60.0,1.0,,,52.0,1.0,,,48.0,3.0,,
102,Germany_Baseload#19#0#10000106,2021-10-28 06:48:17.863000,113.3,1.0,115.85,1.0,113.2,1.0,117.6,1.0,113.17,2.0,118.6,1.0,112.2,1.0,118.65,1.0,111.0,7.0,120.0,1.0,110.5,2.0,121.0,5.0,103.0,1.0,122.5,1.0,60.0,1.0,,,52.0,1.0,,,48.0,3.0,,
103,Germany_Baseload#19#0#10000106,2021-10-28 06:48:56.550000,113.3,1.0,115.8,1.0,113.2,1.0,115.85,1.0,113.17,2.0,117.6,1.0,112.2,1.0,118.6,1.0,111.0,7.0,118.65,1.0,110.5,2.0,120.0,1.0,103.0,1.0,121.0,5.0,60.0,1.0,122.5,1.0,52.0,1.0,,,48.0,3.0,,
104,Germany_Baseload#19#0#10000106,2021-10-28 06:49:14.890000,113.3,1.0,115.8,1.0,113.2,1.0,115.85,1.0,113.17,2.0,117.6,1.0,112.2,1.0,118.6,1.0,111.0,7.0,118.65,1.0,110.5,2.0,120.0,1.0,103.0,1.0,120.8,5.0,60.0,1.0,122.5,1.0,52.0,1.0,,,48.0,3.0,,
105,Germany_Baseload#19#0#10000106,2021-10-28 06:49:27.538000,113.3,1.0,115.8,1.0,113.2,1.0,115.85,1.0,113.17,2.0,117.6,1.0,112.2,1.0,118.6,1.0,111.0,7.0,118.65,1.0,110.5,2.0,120.0,1.0,103.0,1.0,121.0,5.0,60.0,1.0,122.5,1.0,52.0,1.0,,,48.0,3.0,,
106,Germany_Baseload#19#0#10000106,2021-10-28 06:49:30.550000,113.3,1.0,115.8,1.0,113.2,1.0,115.85,1.0,113.17,2.0,117.6,1.0,112.2,1.0,118.6,1.0,111.0,7.0,118.65,1.0,110.5,2.0,120.0,1.0,103.0,1.0,120.8,5.0,60.0,1.0,122.5,1.0,52.0,1.0,,,48.0,3.0,,
107,Germany_Baseload#19#0#10000106,2021-10-28 06:49:31.480000,113.3,1.0,115.75,1.0,113.2,1.0,115.8,1.0,113.17,2.0,115.85,1.0,112.2,1.0,117.6,1.0,111.0,7.0,118.6,1.0,110.5,2.0,118.65,1.0,103.0,1.0,120.0,1.0,60.0,1.0,120.8,5.0,52.0,1.0,122.5,1.0,48.0,3.0,,
108,Germany_Baseload#19#0#10000106,2021-10-28 06:49:31.511000,113.3,1.0,115.75,1.0,113.2,1.0,115.78,2.0,113.17,2.0,115.8,1.0,112.2,1.0,115.85,1.0,111.0,7.0,117.6,1.0,110.5,2.0,118.6,1.0,103.0,1.0,118.65,1.0,60.0,1.0,120.0,1.0,52.0,1.0,120.8,5.0,48.0,3.0,122.5,1.0
109,Germany_Baseload#19#0#10000106,2021-10-28 06:49:38.671000,113.3,1.0,115.7,1.0,113.2,1.0,115.75,1.0,113.17,2.0,115.78,2.0,112.2,1.0,115.8,1.0,111.0,7.0,115.85,1.0,110.5,2.0,117.6,1.0,103.0,1.0,118.6,1.0,60.0,1.0,118.65,1.0,52.0,1.0,120.0,1.0,48.0,3.0,120.8,5.0
110,Germany_Baseload#19#0#10000106,2021-10-28 06:49:38.672000,113.3,1.0,115.7,1.0,113.2,1.0,115.75,1.0,113.17,2.0,115.78,2.0,112.2,1.0,115.8,1.0,111.0,7.0,117.6,1.0,110.5,2.0,118.6,1.0,103.0,1.0,118.65,1.0,60.0,1.0,120.0,1.0,52.0,1.0,120.8,5.0,48.0,3.0,122.5,1.0
111,Germany_Baseload#19#0#10000106,2021-10-28 06:49:39.185000,113.3,1.0,115.7,1.0,113.2,1.0,115.75,1.0,113.17,2.0,115.78,2.0,112.2,1.0,115.8,1.0,111.0,7.0,117.6,1.0,110.5,2.0,118.6,1.0,103.0,1.0,118.65,1.0,60.0,1.0,120.0,1.0,52.0,1.0,121.0,5.0,48.0,3.0,122.5,1.0
112,Germany_Baseload#19#0#10000106,2021-10-28 06:49:40.977000,113.3,1.0,115.7,1.0,113.2,1.0,115.75,1.0,113.17,2.0,115.78,2.0,112.2,1.0,115.8,1.0,111.0,7.0,117.6,1.0,110.5,2.0,118.6,1.0,103.0,1.0,118.65,1.0,60.0,1.0,120.0,1.0,52.0,1.0,120.8,5.0,48.0,3.0,122.5,1.0
113,Germany_Baseload#19#0#10000106,2021-10-28 06:49:44.250000,113.3,1.0,115.7,1.0,113.2,1.0,115.75,1.0,113.17,2.0,115.78,2.0,112.2,1.0,115.8,1.0,111.0,7.0,117.6,1.0,110.5,2.0,118.6,1.0,103.0,1.0,118.65,1.0,60.0,1.0,120.0,1.0,52.0,1.0,122.5,1.0,48.0,3.0,125.0,5.0
114,Germany_Baseload#19#0#10000106,2021-10-28 06:49:44.401000,113.3,1.0,115.7,1.0,113.2,1.0,115.75,1.0,113.17,2.0,115.78,2.0,112.2,1.0,115.8,1.0,111.0,7.0,117.6,1.0,110.5,2.0,118.6,1.0,103.0,1.0,118.65,1.0,60.0,1.0,120.0,1.0,52.0,1.0,122.5,1.0,48.0,3.0,123.4,5.0
115,Germany_Baseload#19#0#10000106,2021-10-28 06:49:48.159000,113.3,1.0,115.7,1.0,113.2,1.0,115.75,1.0,113.17,2.0,115.78,2.0,112.2,1.0,115.8,1.0,111.0,7.0,117.6,1.0,110.5,2.0,117.9,1.0,103.0,1.0,118.6,1.0,60.0,1.0,118.65,1.0,52.0,1.0,120.0,1.0,48.0,3.0,122.5,1.0
116,Germany_Baseload#19#0#10000106,2021-10-28 06:49:48.160000,113.3,1.0,115.7,1.0,113.2,1.0,115.75,1.0,113.17,2.0,115.78,2.0,112.2,1.0,115.8,1.0,111.0,7.0,117.9,1.0,110.5,2.0,118.6,1.0,103.0,1.0,118.65,1.0,60.0,1.0,120.0,1.0,52.0,1.0,122.5,1.0,48.0,3.0,123.4,5.0
117,Germany_Baseload#19#0#10000106,2021-10-28 06:49:56.868000,113.3,1.0,115.7,1.0,113.2,1.0,115.75,1.0,113.17,2.0,115.78,2.0,112.2,1.0,115.8,1.0,111.0,7.0,117.9,1.0,110.5,2.0,118.6,1.0,103.0,1.0,118.65,1.0,60.0,1.0,120.0,1.0,52.0,1.0,122.5,1.0,48.0,3.0,123.2,5.0
118,Germany_Baseload#19#0#10000106,2021-10-28 06:50:03.612000,113.3,1.0,115.7,1.0,113.2,1.0,115.75,1.0,113.17,2.0,115.78,2.0,112.2,1.0,115.8,1.0,111.0,7.0,115.9,2.0,110.5,2.0,117.9,1.0,103.0,1.0,118.6,1.0,60.0,1.0,118.65,1.0,52.0,1.0,120.0,1.0,48.0,3.0,122.5,1.0
119,Germany_Baseload#19#0#10000106,2021-10-28 06:50:06.311000,113.3,1.0,115.7,1.0,113.2,1.0,115.75,1.0,113.17,2.0,115.78,2.0,112.2,1.0,115.8,1.0,111.0,7.0,115.9,2.0,110.5,2.0,117.9,1.0,103.0,1.0,118.6,1.0,60.0,1.0,118.65,1.0,52.0,1.0,120.0,1.0,48.0,3.0,122.5,1.0
120,Germany_Baseload#19#0#10000106,2021-10-28 06:50:31.740000,113.3,1.0,115.7,1.0,113.2,1.0,115.75,1.0,113.17,2.0,115.78,2.0,111.0,7.0,115.8,1.0,110.5,2.0,115.9,2.0,103.0,1.0,117.9,1.0,60.0,1.0,118.6,1.0,52.0,1.0,118.65,1.0,48.0,3.0,120.0,1.0,,,122.5,1.0
121,Germany_Baseload#19#0#10000106,2021-10-28 06:50:43.839000,113.3,1.0,115.7,1.0,113.2,1.0,115.75,1.0,113.17,2.0,115.78,2.0,111.0,7.0,115.8,1.0,110.5,2.0,115.9,2.0,103.0,1.0,117.9,1.0,60.0,1.0,118.6,1.0,52.0,1.0,118.65,1.0,48.0,3.0,120.0,1.0,,,121.0,5.0
122,Germany_Baseload#19#0#10000106,2021-10-28 06:50:47.279000,113.3,1.0,115.7,1.0,113.2,1.0,115.75,1.0,113.17,2.0,115.78,2.0,111.0,7.0,115.8,1.0,110.5,2.0,115.9,2.0,103.0,1.0,117.9,1.0,60.0,1.0,118.6,1.0,52.0,1.0,118.65,1.0,48.0,3.0,120.0,1.0,,,122.5,1.0
123,Germany_Baseload#19#0#10000106,2021-10-28 06:50:47.471000,113.3,1.0,115.7,1.0,113.2,1.0,115.75,1.0,113.17,2.0,115.78,2.0,111.0,7.0,115.8,1.0,110.5,2.0,115.9,2.0,103.0,1.0,117.9,1.0,60.0,1.0,118.6,1.0,52.0,1.0,118.65,1.0,48.0,3.0,120.0,1.0,,,121.0,5.0
124,Germany_Baseload#19#0#10000106,2021-10-28 06:51:03.147000,113.3,1.0,115.7,1.0,113.2,1.0,115.78,2.0,113.17,2.0,115.8,1.0,111.0,7.0,115.9,2.0,110.5,2.0,117.9,1.0,103.0,1.0,118.6,1.0,60.0,1.0,118.65,1.0,52.0,1.0,120.0,1.0,48.0,3.0,121.0,5.0,,,122.5,1.0
125,Germany_Baseload#19#0#10000106,2021-10-28 06:51:03.174000,113.3,1.0,115.7,1.0,113.2,1.0,115.78,1.0,113.17,2.0,115.8,1.0,111.0,7.0,115.9,2.0,110.5,2.0,117.9,1.0,103.0,1.0,118.6,1.0,60.0,1.0,118.65,1.0,52.0,1.0,120.0,1.0,48.0,3.0,121.0,5.0,,,122.5,1.0
126,Germany_Baseload#19#0#10000106,2021-10-28 06:51:03.176000,113.3,1.0,115.7,1.0,113.2,1.0,115.8,1.0,113.17,2.0,115.9,2.0,111.0,7.0,117.9,1.0,110.5,2.0,118.6,1.0,103.0,1.0,118.65,1.0,60.0,1.0,120.0,1.0,52.0,1.0,121.0,5.0,48.0,3.0,122.5,1.0,,,,
127,Germany_Baseload#19#0#10000106,2021-10-28 06:51:03.178000,113.3,1.0,115.7,1.0,113.2,1.0,115.73,2.0,113.17,2.0,115.8,1.0,111.0,7.0,115.9,2.0,110.5,2.0,117.9,1.0,103.0,1.0,118.6,1.0,60.0,1.0,118.65,1.0,52.0,1.0,120.0,1.0,48.0,3.0,121.0,5.0,,,122.5,1.0
128,Germany_Baseload#19#0#10000106,2021-10-28 06:51:46.379000,113.3,1.0,115.7,1.0,113.2,1.0,115.73,2.0,113.17,2.0,115.8,1.0,111.0,7.0,115.9,2.0,110.5,2.0,117.9,1.0,103.0,1.0,118.6,1.0,60.0,1.0,118.65,1.0,52.0,1.0,120.0,1.0,48.0,3.0,122.5,1.0,,,,
129,Germany_Baseload#19#0#10000106,2021-10-28 06:51:48.111000,113.3,1.0,115.7,1.0,113.2,1.0,115.73,2.0,113.17,2.0,115.8,1.0,111.0,7.0,115.9,2.0,110.5,2.0,117.9,1.0,103.0,1.0,118.6,1.0,60.0,1.0,118.65,1.0,52.0,1.0,120.0,1.0,48.0,3.0,122.5,1.0,,,125.4,5.0
130,Germany_Baseload#19#0#10000106,2021-10-28 06:51:48.215000,113.3,1.0,115.7,1.0,113.2,1.0,115.73,2.0,113.17,2.0,115.8,1.0,111.0,7.0,115.9,2.0,110.5,2.0,117.9,1.0,103.0,1.0,118.6,1.0,60.0,1.0,118.65,1.0,52.0,1.0,120.0,1.0,48.0,3.0,122.5,1.0,,,,
131,Germany_Baseload#19#0#10000106,2021-10-28 06:51:56.022000,113.3,1.0,115.7,1.0,113.2,1.0,115.73,2.0,113.17,2.0,115.8,1.0,111.0,7.0,115.9,2.0,110.5,2.0,117.9,1.0,103.0,1.0,118.6,1.0,60.0,1.0,118.65,1.0,52.0,1.0,120.0,1.0,48.0,3.0,121.2,5.0,,,122.5,1.0
132,Germany_Baseload#19#0#10000106,2021-10-28 06:52:05.096000,113.3,1.0,115.7,1.0,113.2,1.0,115.73,2.0,113.17,2.0,115.8,1.0,113.0,1.0,115.9,2.0,111.0,7.0,117.9,1.0,110.5,2.0,118.6,1.0,103.0,1.0,118.65,1.0,60.0,1.0,120.0,1.0,52.0,1.0,121.2,5.0,48.0,3.0,122.5,1.0
133,Germany_Baseload#19#0#10000106,2021-10-28 06:52:32.046000,113.3,1.0,115.7,1.0,113.2,1.0,115.73,2.0,113.17,2.0,115.8,1.0,113.0,1.0,115.9,2.0,111.0,7.0,117.9,1.0,110.5,2.0,118.6,1.0,103.0,1.0,118.65,1.0,60.0,1.0,120.0,1.0,52.0,1.0,121.4,5.0,48.0,3.0,122.5,1.0
134,Germany_Baseload#19#0#10000106,2021-10-28 06:52:37.658000,113.3,1.0,115.7,1.0,113.2,1.0,115.73,2.0,113.17,2.0,115.8,1.0,113.0,1.0,115.9,2.0,111.0,7.0,117.9,1.0,110.5,2.0,118.6,1.0,103.0,1.0,118.65,1.0,60.0,1.0,120.0,1.0,52.0,1.0,121.2,5.0,48.0,3.0,122.5,1.0
135,Germany_Baseload#19#0#10000106,2021-10-28 06:52:41.630000,113.3,1.0,115.7,1.0,113.2,1.0,115.73,2.0,113.17,2.0,115.8,1.0,113.0,1.0,115.9,2.0,111.0,7.0,117.9,1.0,110.5,2.0,118.6,1.0,103.0,1.0,118.65,1.0,60.0,1.0,120.0,1.0,52.0,1.0,121.4,5.0,48.0,3.0,122.5,1.0
136,Germany_Baseload#19#0#10000106,2021-10-28 06:52:41.833000,113.3,1.0,115.7,1.0,113.2,1.0,115.73,2.0,113.17,2.0,115.8,1.0,113.0,1.0,115.9,2.0,111.0,7.0,117.9,1.0,110.5,2.0,118.6,1.0,103.0,1.0,118.65,1.0,60.0,1.0,120.0,1.0,52.0,1.0,121.2,5.0,48.0,3.0,122.5,1.0
137,Germany_Baseload#19#0#10000106,2021-10-28 06:52:46.490000,113.3,1.0,115.7,1.0,113.2,1.0,115.73,2.0,113.17,2.0,115.8,1.0,113.0,1.0,115.9,2.0,111.0,7.0,117.9,1.0,110.5,2.0,118.6,1.0,103.0,1.0,118.65,1.0,60.0,1.0,120.0,1.0,52.0,1.0,121.4,5.0,48.0,3.0,122.5,1.0
138,Germany_Baseload#19#0#10000106,2021-10-28 06:52:48.521000,113.3,1.0,115.7,1.0,113.2,1.0,115.73,2.0,113.17,2.0,115.8,1.0,113.0,1.0,115.9,2.0,111.0,7.0,117.9,1.0,110.5,2.0,118.6,1.0,103.0,1.0,118.65,1.0,60.0,1.0,120.0,1.0,52.0,1.0,122.5,1.0,48.0,3.0,,
139,Germany_Baseload#19#0#10000106,2021-10-28 06:52:52.174000,113.3,1.0,115.7,1.0,113.2,1.0,115.73,2.0,113.17,2.0,115.8,1.0,113.0,1.0,115.9,2.0,111.0,7.0,117.9,1.0,110.5,2.0,118.6,1.0,103.0,1.0,118.65,1.0,60.0,1.0,120.0,1.0,52.0,1.0,121.4,5.0,48.0,3.0,122.5,1.0
140,Germany_Baseload#19#0#10000106,2021-10-28 06:52:52.315000,113.3,1.0,115.7,1.0,113.2,1.0,115.73,2.0,113.17,2.0,115.8,1.0,113.0,1.0,115.9,2.0,111.0,7.0,117.9,1.0,110.5,2.0,118.6,1.0,103.0,1.0,118.65,1.0,60.0,1.0,120.0,1.0,52.0,1.0,122.5,1.0,48.0,3.0,,
141,Germany_Baseload#19#0#10000106,2021-10-28 06:52:52.841000,113.3,1.0,115.7,1.0,113.2,1.0,115.73,2.0,113.17,2.0,115.8,1.0,113.0,1.0,115.9,2.0,111.0,7.0,117.9,1.0,110.5,2.0,118.6,1.0,103.0,1.0,118.65,1.0,60.0,1.0,120.0,1.0,52.0,1.0,122.5,1.0,48.0,3.0,,
142,Germany_Baseload#19#0#10000106,2021-10-28 06:52:52.879000,113.3,1.0,115.7,1.0,113.2,1.0,115.73,1.0,113.17,2.0,115.8,1.0,113.0,1.0,115.9,2.0,111.0,7.0,117.9,1.0,110.5,2.0,118.6,1.0,103.0,1.0,118.65,1.0,60.0,1.0,120.0,1.0,52.0,1.0,122.5,1.0,48.0,3.0,,
143,Germany_Baseload#19#0#10000106,2021-10-28 06:52:52.881000,113.3,1.0,115.7,1.0,113.2,1.0,115.8,1.0,113.17,2.0,115.9,2.0,113.0,1.0,117.9,1.0,111.0,7.0,118.6,1.0,110.5,2.0,118.65,1.0,103.0,1.0,120.0,1.0,60.0,1.0,122.5,1.0,52.0,1.0,,,48.0,3.0,,
144,Germany_Baseload#19#0#10000106,2021-10-28 06:52:55.189000,113.3,1.0,115.7,1.0,113.2,1.0,115.8,1.0,113.17,2.0,115.9,2.0,113.0,1.0,117.9,1.0,111.0,7.0,118.6,1.0,110.5,2.0,118.65,1.0,103.0,1.0,120.0,1.0,60.0,1.0,122.5,1.0,52.0,1.0,125.4,5.0,48.0,3.0,,
145,Germany_Baseload#19#0#10000106,2021-10-28 06:52:55.327000,113.3,1.0,115.7,1.0,113.2,1.0,115.8,1.0,113.17,2.0,115.9,2.0,113.0,1.0,117.9,1.0,111.0,7.0,118.6,1.0,110.5,2.0,118.65,1.0,103.0,1.0,120.0,1.0,60.0,1.0,122.5,1.0,52.0,1.0,,,48.0,3.0,,
146,Germany_Baseload#19#0#10000106,2021-10-28 06:52:56.702000,113.3,1.0,115.7,1.0,113.2,1.0,115.8,1.0,113.17,2.0,115.9,2.0,113.0,1.0,117.9,1.0,111.0,7.0,118.6,1.0,110.5,2.0,118.65,1.0,103.0,1.0,120.0,1.0,60.0,1.0,122.5,1.0,52.0,1.0,125.4,5.0,48.0,3.0,,
147,Germany_Baseload#19#0#10000106,2021-10-28 06:53:01.958000,113.3,1.0,115.7,1.0,113.2,1.0,115.8,1.0,113.17,2.0,115.9,2.0,113.0,1.0,117.9,1.0,111.0,7.0,118.6,1.0,110.5,2.0,118.65,1.0,103.0,1.0,120.0,1.0,60.0,1.0,122.5,1.0,52.0,1.0,,,48.0,3.0,,
148,Germany_Baseload#19#0#10000106,2021-10-28 06:53:06.404000,113.3,1.0,115.7,1.0,113.2,1.0,115.8,1.0,113.17,2.0,115.9,2.0,113.0,1.0,117.9,1.0,111.0,7.0,118.6,1.0,110.5,2.0,118.65,1.0,103.0,1.0,120.0,1.0,60.0,1.0,121.4,5.0,52.0,1.0,122.5,1.0,48.0,3.0,,
149,Germany_Baseload#19#0#10000106,2021-10-28 06:53:06.978000,113.3,1.0,115.7,1.0,113.2,1.0,115.8,1.0,113.17,2.0,115.9,2.0,113.0,1.0,117.9,1.0,111.0,7.0,118.6,1.0,110.5,2.0,118.65,1.0,103.0,1.0,120.0,1.0,60.0,1.0,121.2,5.0,52.0,1.0,122.5,1.0,48.0,3.0,,
150,Germany_Baseload#19#0#10000106,2021-10-28 06:53:11.011000,113.3,1.0,115.7,1.0,113.2,1.0,115.8,1.0,113.17,2.0,115.9,2.0,113.0,1.0,117.9,1.0,111.0,7.0,118.6,1.0,110.5,2.0,118.65,1.0,103.0,1.0,120.0,1.0,60.0,1.0,121.4,5.0,52.0,1.0,122.5,1.0,48.0,3.0,,
151,Germany_Baseload#19#0#10000106,2021-10-28 06:53:21.285000,113.5,1.0,115.7,1.0,113.3,1.0,115.8,1.0,113.17,2.0,115.9,2.0,113.0,1.0,117.9,1.0,111.0,7.0,118.6,1.0,110.5,2.0,118.65,1.0,103.0,1.0,120.0,1.0,60.0,1.0,121.4,5.0,52.0,1.0,122.5,1.0,48.0,3.0,,
152,Germany_Baseload#19#0#10000106,2021-10-28 06:53:21.317000,113.5,1.0,115.7,1.0,113.47,2.0,115.8,1.0,113.3,1.0,115.9,2.0,113.0,1.0,117.9,1.0,111.0,7.0,118.6,1.0,110.5,2.0,118.65,1.0,103.0,1.0,120.0,1.0,60.0,1.0,121.4,5.0,52.0,1.0,122.5,1.0,48.0,3.0,,
153,Germany_Baseload#19#0#10000106,2021-10-28 06:53:21.318000,113.5,1.0,115.7,1.0,113.3,1.0,115.8,1.0,113.17,1.0,115.9,2.0,113.0,1.0,117.9,1.0,111.0,7.0,118.6,1.0,110.5,2.0,118.65,1.0,103.0,1.0,120.0,1.0,60.0,1.0,121.4,5.0,52.0,1.0,122.5,1.0,48.0,3.0,,
154,Germany_Baseload#19#0#10000106,2021-10-28 06:53:21.320000,113.5,1.0,115.7,1.0,113.3,1.0,115.8,1.0,113.0,1.0,115.9,2.0,111.0,7.0,117.9,1.0,110.5,2.0,118.6,1.0,103.0,1.0,118.65,1.0,60.0,1.0,120.0,1.0,52.0,1.0,121.4,5.0,48.0,3.0,122.5,1.0,,,,
155,Germany_Baseload#19#0#10000106,2021-10-28 06:53:21.493000,113.5,1.0,115.7,1.0,113.47,2.0,115.8,1.0,113.3,1.0,115.9,2.0,113.0,1.0,117.9,1.0,111.0,7.0,118.6,1.0,110.5,2.0,118.65,1.0,103.0,1.0,120.0,1.0,60.0,1.0,121.2,5.0,52.0,1.0,122.5,1.0,48.0,3.0,,
156,Germany_Baseload#19#0#10000106,2021-10-28 06:53:22.800000,113.5,1.0,115.7,1.0,113.47,2.0,115.8,1.0,113.3,1.0,115.9,2.0,113.0,1.0,117.9,1.0,111.0,7.0,118.6,1.0,110.5,2.0,118.65,1.0,103.0,1.0,120.0,1.0,60.0,1.0,121.2,5.0,52.0,1.0,122.5,1.0,48.0,3.0,,
157,Germany_Baseload#19#0#10000106,2021-10-28 06:53:26.134000,113.5,1.0,115.7,1.0,113.47,2.0,115.8,1.0,113.3,1.0,115.9,2.0,113.0,1.0,117.9,1.0,111.0,7.0,118.6,1.0,110.5,2.0,118.65,1.0,103.0,1.0,120.0,1.0,60.0,1.0,121.4,5.0,52.0,1.0,122.5,1.0,48.0,3.0,,
158,Germany_Baseload#19#0#10000106,2021-10-28 06:53:26.295000,113.5,1.0,115.7,1.0,113.47,2.0,115.8,1.0,113.3,1.0,115.9,2.0,113.0,1.0,117.9,1.0,111.0,7.0,118.6,1.0,110.5,2.0,118.65,1.0,103.0,1.0,120.0,1.0,60.0,1.0,121.2,5.0,52.0,1.0,122.5,1.0,48.0,3.0,,
159,Germany_Baseload#19#0#10000106,2021-10-28 06:53:39.752000,113.5,1.0,115.7,1.0,113.47,2.0,115.8,1.0,113.3,1.0,115.9,2.0,113.0,1.0,117.9,1.0,111.0,7.0,118.6,1.0,110.5,2.0,118.65,1.0,103.0,1.0,120.0,1.0,60.0,1.0,121.4,5.0,52.0,1.0,122.5,1.0,48.0,3.0,,
160,Germany_Baseload#19#0#10000106,2021-10-28 06:53:46.919000,113.5,1.0,115.5,1.0,113.47,2.0,115.7,1.0,113.3,1.0,115.8,1.0,113.0,1.0,115.9,2.0,111.0,7.0,117.9,1.0,110.5,2.0,118.6,1.0,103.0,1.0,118.65,1.0,60.0,1.0,120.0,1.0,52.0,1.0,121.4,5.0,48.0,3.0,122.5,1.0
161,Germany_Baseload#19#0#10000106,2021-10-28 06:54:00.035000,113.5,1.0,115.45,1.0,113.47,2.0,115.5,1.0,113.3,1.0,115.7,1.0,113.0,1.0,115.8,1.0,111.0,7.0,115.9,2.0,110.5,2.0,117.9,1.0,103.0,1.0,118.6,1.0,60.0,1.0,118.65,1.0,52.0,1.0,120.0,1.0,48.0,3.0,121.4,5.0
162,Germany_Baseload#19#0#10000106,2021-10-28 06:54:00.036000,113.5,1.0,115.45,1.0,113.47,2.0,115.5,1.0,113.3,1.0,115.7,1.0,113.0,1.0,115.8,1.0,111.0,7.0,115.9,2.0,110.5,2.0,117.9,1.0,103.0,1.0,118.6,1.0,60.0,1.0,118.65,1.0,52.0,1.0,120.0,1.0,48.0,3.0,121.4,5.0
163,Germany_Baseload#19#0#10000106,2021-10-28 06:54:31.636000,113.5,1.0,115.45,1.0,113.47,2.0,115.5,1.0,113.3,1.0,115.7,1.0,113.0,1.0,115.8,1.0,111.0,7.0,115.9,2.0,110.6,1.0,117.9,1.0,110.5,2.0,118.6,1.0,103.0,1.0,118.65,1.0,60.0,1.0,120.0,1.0,52.0,1.0,121.4,5.0
164,Germany_Baseload#19#0#10000106,2021-10-28 06:54:40.807000,113.5,1.0,115.45,1.0,113.47,2.0,115.5,1.0,113.3,1.0,115.7,1.0,113.0,1.0,115.8,1.0,111.0,1.0,115.9,2.0,110.6,1.0,117.9,1.0,110.5,2.0,118.6,1.0,103.0,1.0,118.65,1.0,60.0,1.0,120.0,1.0,52.0,1.0,121.4,5.0
165,Germany_Baseload#19#0#10000106,2021-10-28 06:55:26.694000,113.5,1.0,115.45,1.0,113.47,2.0,115.5,1.0,113.3,1.0,115.7,1.0,113.0,1.0,115.8,1.0,111.0,1.0,115.9,2.0,110.6,1.0,117.9,1.0,110.5,2.0,118.6,1.0,103.0,1.0,118.65,1.0,60.0,1.0,120.0,1.0,52.0,1.0,121.6,5.0
166,Germany_Baseload#19#0#10000106,2021-10-28 06:55:31.736000,113.5,1.0,115.45,1.0,113.47,2.0,115.5,1.0,113.3,1.0,115.7,1.0,113.0,1.0,115.8,1.0,111.0,1.0,115.9,2.0,110.6,1.0,117.9,1.0,110.5,2.0,118.6,1.0,103.0,1.0,118.65,1.0,60.0,1.0,120.0,1.0,52.0,1.0,121.4,5.0
167,Germany_Baseload#19#0#10000106,2021-10-28 06:55:35.709000,113.5,1.0,115.45,1.0,113.47,2.0,115.5,1.0,113.3,1.0,115.7,1.0,113.0,1.0,115.8,1.0,111.0,1.0,115.9,2.0,110.6,1.0,117.9,1.0,110.5,2.0,118.6,1.0,103.0,1.0,118.65,1.0,60.0,1.0,120.0,1.0,52.0,1.0,122.5,1.0
168,Germany_Baseload#19#0#10000106,2021-10-28 06:55:35.809000,113.5,1.0,115.45,1.0,113.47,2.0,115.5,1.0,113.3,1.0,115.7,1.0,113.0,1.0,115.8,1.0,111.0,1.0,115.9,2.0,110.6,1.0,117.9,1.0,110.5,2.0,118.6,1.0,103.0,1.0,118.65,1.0,60.0,1.0,120.0,1.0,52.0,1.0,121.6,5.0
169,Germany_Baseload#19#0#10000106,2021-10-28 06:55:36.070000,114.0,1.0,115.45,1.0,113.5,1.0,115.5,1.0,113.47,2.0,115.7,1.0,113.3,1.0,115.8,1.0,111.0,1.0,115.9,2.0,110.6,1.0,117.9,1.0,110.5,2.0,118.6,1.0,103.0,1.0,118.65,1.0,60.0,1.0,120.0,1.0,52.0,1.0,121.6,5.0
170,Germany_Baseload#19#0#10000106,2021-10-28 06:55:36.101000,114.0,1.0,115.45,1.0,113.5,1.0,115.5,1.0,113.47,1.0,115.7,1.0,113.3,1.0,115.8,1.0,111.0,1.0,115.9,2.0,110.6,1.0,117.9,1.0,110.5,2.0,118.6,1.0,103.0,1.0,118.65,1.0,60.0,1.0,120.0,1.0,52.0,1.0,121.6,5.0
171,Germany_Baseload#19#0#10000106,2021-10-28 06:55:36.101000,114.0,1.0,115.45,1.0,113.97,2.0,115.5,1.0,113.5,1.0,115.7,1.0,113.3,1.0,115.8,1.0,111.0,1.0,115.9,2.0,110.6,1.0,117.9,1.0,110.5,2.0,118.6,1.0,103.0,1.0,118.65,1.0,60.0,1.0,120.0,1.0,52.0,1.0,121.6,5.0
172,Germany_Baseload#19#0#10000106,2021-10-28 06:55:36.103000,114.0,1.0,115.45,1.0,113.5,1.0,115.5,1.0,113.3,1.0,115.7,1.0,111.0,1.0,115.8,1.0,110.6,1.0,115.9,2.0,110.5,2.0,117.9,1.0,103.0,1.0,118.6,1.0,60.0,1.0,118.65,1.0,52.0,1.0,120.0,1.0,48.0,3.0,121.6,5.0
173,Germany_Baseload#19#0#10000106,2021-10-28 06:55:39.738000,114.0,1.0,115.45,1.0,113.97,2.0,115.5,1.0,113.5,1.0,115.7,1.0,113.3,1.0,115.8,1.0,111.0,1.0,115.9,2.0,110.6,1.0,117.9,1.0,110.5,2.0,118.6,1.0,103.0,1.0,118.65,1.0,60.0,1.0,120.0,1.0,52.0,1.0,121.4,5.0
174,Germany_Baseload#19#0#10000106,2021-10-28 06:55:45.061000,114.0,1.0,115.45,1.0,113.97,2.0,115.5,1.0,113.5,1.0,115.7,1.0,113.3,1.0,115.8,1.0,111.0,1.0,115.9,2.0,110.6,1.0,117.9,1.0,110.5,2.0,118.6,1.0,103.0,1.0,118.65,1.0,60.0,1.0,120.0,1.0,52.0,1.0,121.6,5.0
175,Germany_Baseload#19#0#10000106,2021-10-28 06:55:47.266000,114.0,1.0,115.45,1.0,113.97,2.0,115.5,1.0,113.5,1.0,115.7,1.0,113.3,1.0,115.8,1.0,111.6,1.0,115.9,2.0,111.0,1.0,117.9,1.0,110.5,2.0,118.6,1.0,103.0,1.0,118.65,1.0,60.0,1.0,120.0,1.0,52.0,1.0,121.6,5.0
176,Germany_Baseload#19#0#10000106,2021-10-28 06:55:53.067000,114.0,1.0,115.45,1.0,113.97,2.0,115.5,1.0,113.5,1.0,115.7,1.0,113.3,1.0,115.8,1.0,111.6,1.0,115.9,2.0,111.0,1.0,117.4,1.0,110.5,2.0,118.6,1.0,103.0,1.0,118.65,1.0,60.0,1.0,120.0,1.0,52.0,1.0,121.6,5.0
177,Germany_Baseload#19#0#10000106,2021-10-28 06:56:00.673000,114.0,1.0,115.45,1.0,113.97,2.0,115.5,1.0,113.5,1.0,115.7,1.0,113.3,1.0,115.8,1.0,111.6,1.0,115.9,2.0,111.0,1.0,117.4,1.0,110.5,2.0,118.6,1.0,103.0,1.0,118.65,1.0,60.0,1.0,120.0,1.0,52.0,1.0,122.5,1.0
178,Germany_Baseload#19#0#10000106,2021-10-28 06:56:02.040000,114.0,1.0,115.45,1.0,113.97,2.0,115.5,1.0,113.5,1.0,115.7,1.0,113.3,1.0,115.8,1.0,111.6,1.0,115.9,2.0,111.0,1.0,117.4,1.0,110.5,2.0,118.6,1.0,103.0,1.0,118.65,1.0,60.0,1.0,120.0,1.0,52.0,1.0,121.6,5.0
179,Germany_Baseload#19#0#10000106,2021-10-28 06:56:03.177000,114.0,1.0,115.45,1.0,113.97,2.0,115.5,1.0,113.5,1.0,115.7,1.0,113.3,1.0,115.8,1.0,111.6,1.0,115.9,2.0,111.0,1.0,117.4,1.0,110.5,2.0,118.6,1.0,103.0,1.0,118.65,1.0,60.0,1.0,120.0,1.0,52.0,1.0,121.4,5.0
180,Germany_Baseload#19#0#10000106,2021-10-28 06:56:03.223000,113.97,2.0,115.45,1.0,113.5,1.0,115.5,1.0,113.3,1.0,115.7,1.0,113.0,1.0,115.8,1.0,111.6,1.0,115.9,2.0,111.0,1.0,117.4,1.0,110.5,2.0,118.6,1.0,103.0,1.0,118.65,1.0,60.0,1.0,120.0,1.0,52.0,1.0,121.4,5.0
181,Germany_Baseload#19#0#10000106,2021-10-28 06:56:03.269000,113.97,1.0,115.45,1.0,113.5,1.0,115.5,1.0,113.3,1.0,115.7,1.0,113.0,1.0,115.8,1.0,111.6,1.0,115.9,2.0,111.0,1.0,117.4,1.0,110.5,2.0,118.6,1.0,103.0,1.0,118.65,1.0,60.0,1.0,120.0,1.0,52.0,1.0,121.4,5.0
182,Germany_Baseload#19#0#10000106,2021-10-28 06:56:03.270000,113.5,1.0,115.45,1.0,113.3,1.0,115.5,1.0,113.0,1.0,115.7,1.0,111.6,1.0,115.8,1.0,111.0,1.0,115.9,2.0,110.5,2.0,117.4,1.0,103.0,1.0,118.6,1.0,60.0,1.0,118.65,1.0,52.0,1.0,120.0,1.0,48.0,3.0,121.4,5.0
183,Germany_Baseload#19#0#10000106,2021-10-28 06:56:03.270000,113.5,1.0,115.45,1.0,113.47,1.0,115.5,1.0,113.3,1.0,115.7,1.0,113.0,1.0,115.8,1.0,111.6,1.0,115.9,2.0,111.0,1.0,117.4,1.0,110.5,2.0,118.6,1.0,103.0,1.0,118.65,1.0,60.0,1.0,120.0,1.0,52.0,1.0,121.4,5.0
184,Germany_Baseload#19#0#10000106,2021-10-28 06:56:03.286000,113.5,1.0,115.45,1.0,113.47,2.0,115.5,1.0,113.3,1.0,115.7,1.0,113.0,1.0,115.8,1.0,111.6,1.0,115.9,2.0,111.0,1.0,117.4,1.0,110.5,2.0,118.6,1.0,103.0,1.0,118.65,1.0,60.0,1.0,120.0,1.0,52.0,1.0,121.4,5.0
185,Germany_Baseload#19#0#10000106,2021-10-28 06:56:07.197000,113.5,1.0,115.0,1.0,113.47,2.0,115.5,1.0,113.3,1.0,115.7,1.0,113.0,1.0,115.8,1.0,111.6,1.0,115.9,1.0,111.0,1.0,117.4,1.0,110.5,2.0,118.6,1.0,103.0,1.0,118.65,1.0,60.0,1.0,120.0,1.0,52.0,1.0,121.4,5.0
186,Germany_Baseload#19#0#10000106,2021-10-28 06:56:08.922000,113.5,1.0,115.0,2.0,113.47,2.0,115.45,1.0,113.3,1.0,115.5,1.0,113.0,1.0,115.7,1.0,111.6,1.0,115.8,1.0,111.0,1.0,115.9,1.0,110.5,2.0,117.4,1.0,103.0,1.0,118.6,1.0,60.0,1.0,118.65,1.0,52.0,1.0,120.0,1.0
187,Germany_Baseload#19#0#10000106,2021-10-28 06:56:18.346000,113.5,1.0,115.0,2.0,113.47,2.0,115.45,1.0,113.3,1.0,115.5,1.0,113.0,1.0,115.7,1.0,111.6,1.0,115.8,1.0,111.0,1.0,115.9,1.0,110.5,2.0,117.4,1.0,103.0,1.0,118.6,1.0,60.0,1.0,118.65,1.0,52.0,1.0,120.0,1.0
188,Germany_Baseload#19#0#10000106,2021-10-28 06:56:21.413000,113.5,1.0,115.0,1.0,113.47,2.0,115.5,1.0,113.3,1.0,115.7,1.0,113.0,1.0,115.8,1.0,111.6,1.0,115.9,1.0,111.0,1.0,117.4,1.0,110.5,2.0,118.6,1.0,103.0,1.0,118.65,1.0,60.0,1.0,120.0,1.0,52.0,1.0,122.5,1.0
189,Germany_Baseload#19#0#10000106,2021-10-28 06:56:22.727000,113.5,1.0,115.0,1.0,113.47,2.0,115.5,1.0,113.3,1.0,115.7,1.0,113.0,1.0,115.8,1.0,111.6,1.0,115.9,1.0,111.0,1.0,117.4,1.0,110.5,2.0,118.6,1.0,103.0,1.0,118.65,1.0,60.0,1.0,120.0,1.0,52.0,1.0,121.4,5.0
190,Germany_Baseload#19#0#10000106,2021-10-28 06:56:44.796000,113.75,1.0,115.0,1.0,113.5,1.0,115.5,1.0,113.47,2.0,115.7,1.0,113.0,1.0,115.8,1.0,111.6,1.0,115.9,1.0,111.0,1.0,117.4,1.0,110.5,2.0,118.6,1.0,103.0,1.0,118.65,1.0,60.0,1.0,120.0,1.0,52.0,1.0,121.4,5.0
191,Germany_Baseload#19#0#10000106,2021-10-28 06:56:48.639000,113.75,1.0,115.0,2.0,113.5,1.0,115.5,1.0,113.47,2.0,115.7,1.0,113.0,1.0,115.9,1.0,111.6,1.0,117.4,1.0,111.0,1.0,118.6,1.0,110.5,2.0,118.65,1.0,103.0,1.0,120.0,1.0,60.0,1.0,121.4,5.0,52.0,1.0,122.5,1.0
192,Germany_Baseload#19#0#10000106,2021-10-28 06:56:50.773000,113.75,1.0,115.0,2.0,113.5,1.0,115.5,1.0,113.47,2.0,115.7,1.0,113.0,1.0,115.9,1.0,111.0,1.0,117.4,1.0,110.5,2.0,118.6,1.0,103.0,1.0,118.65,1.0,60.0,1.0,120.0,1.0,52.0,1.0,121.4,5.0,48.0,3.0,122.5,1.0
193,Germany_Baseload#19#0#10000106,2021-10-28 06:56:58.354000,113.75,1.0,115.0,2.0,113.5,1.0,115.5,1.0,113.47,2.0,115.7,1.0,113.0,1.0,115.9,1.0,111.0,1.0,117.3,1.0,110.5,2.0,117.4,1.0,103.0,1.0,118.6,1.0,60.0,1.0,118.65,1.0,52.0,1.0,120.0,1.0,48.0,3.0,121.4,5.0
194,Germany_Baseload#19#0#10000106,2021-10-28 06:56:58.355000,113.75,1.0,115.0,2.0,113.5,1.0,115.5,1.0,113.47,2.0,115.7,1.0,113.0,1.0,115.9,1.0,111.0,1.0,117.3,1.0,110.5,2.0,118.6,1.0,103.0,1.0,118.65,1.0,60.0,1.0,120.0,1.0,52.0,1.0,121.4,5.0,48.0,3.0,122.5,1.0
195,Germany_Baseload#19#0#10000106,2021-10-28 06:57:04.785000,113.75,1.0,115.0,2.0,113.5,1.0,115.5,1.0,113.47,2.0,115.7,1.0,113.0,1.0,115.9,1.0,111.0,1.0,117.3,1.0,110.6,1.0,118.6,1.0,110.5,2.0,118.65,1.0,103.0,1.0,120.0,1.0,60.0,1.0,121.4,5.0,52.0,1.0,122.5,1.0
196,Germany_Baseload#19#0#10000106,2021-10-28 06:57:06.189000,114.0,1.0,115.0,2.0,113.75,1.0,115.5,1.0,113.5,1.0,115.7,1.0,113.47,2.0,115.9,1.0,113.0,1.0,117.3,1.0,111.0,1.0,118.6,1.0,110.6,1.0,118.65,1.0,110.5,2.0,120.0,1.0,103.0,1.0,121.4,5.0,60.0,1.0,122.5,1.0
197,Germany_Baseload#19#0#10000106,2021-10-28 06:57:13.863000,114.0,1.0,115.0,3.0,113.75,1.0,115.5,1.0,113.5,1.0,115.7,1.0,113.47,2.0,115.9,1.0,113.0,1.0,117.3,1.0,111.0,1.0,118.6,1.0,110.6,1.0,118.65,1.0,110.5,2.0,120.0,1.0,103.0,1.0,122.5,1.0,60.0,1.0,,
198,Germany_Baseload#19#0#10000106,2021-10-28 06:57:23.747000,114.0,1.0,114.9,2.0,113.75,1.0,115.0,3.0,113.5,1.0,115.5,1.0,113.47,2.0,115.7,1.0,113.0,1.0,115.9,1.0,111.0,1.0,117.3,1.0,110.6,1.0,118.6,1.0,110.5,2.0,118.65,1.0,103.0,1.0,120.0,1.0,60.0,1.0,122.5,1.0
199,Germany_Baseload#19#0#10000106,2021-10-28 06:57:32.180000,114.0,1.0,114.9,3.0,113.75,1.0,115.0,2.0,113.5,1.0,115.5,1.0,113.47,2.0,115.7,1.0,113.0,1.0,115.9,1.0,111.0,1.0,117.3,1.0,110.6,1.0,118.6,1.0,110.5,2.0,118.65,1.0,103.0,1.0,120.0,1.0,60.0,1.0,122.5,1.0
200,Germany_Baseload#19#0#10000106,2021-10-28 06:57:37.201000,114.0,1.0,114.9,5.0,113.75,1.0,115.0,2.0,113.5,1.0,115.5,1.0,113.47,2.0,115.7,1.0,113.0,1.0,115.9,1.0,111.0,1.0,117.3,1.0,110.6,1.0,118.6,1.0,110.5,2.0,118.65,1.0,103.0,1.0,120.0,1.0,60.0,1.0,122.5,1.0
201,Germany_Baseload#19#0#10000106,2021-10-28 06:57:48.824000,114.0,1.0,114.9,6.0,113.75,1.0,115.0,2.0,113.5,1.0,115.5,1.0,113.47,2.0,115.7,1.0,113.0,1.0,115.9,1.0,111.0,1.0,117.3,1.0,110.6,1.0,118.6,1.0,110.5,2.0,118.65,1.0,103.0,1.0,120.0,1.0,60.0,1.0,122.5,1.0
202,Germany_Baseload#19#0#10000106,2021-10-28 06:57:56.499000,114.0,1.0,114.9,6.0,113.75,1.0,115.0,2.0,113.5,1.0,115.5,1.0,113.47,2.0,115.7,1.0,113.0,1.0,115.9,1.0,111.0,1.0,117.3,1.0,110.6,1.0,118.6,1.0,110.5,2.0,118.65,1.0,103.0,1.0,120.0,1.0,60.0,1.0,121.4,5.0
203,Germany_Baseload#19#0#10000106,2021-10-28 06:57:59.798000,114.0,1.0,114.9,6.0,113.85,1.0,115.0,2.0,113.75,1.0,115.5,1.0,113.5,1.0,115.7,1.0,113.47,2.0,115.9,1.0,113.0,1.0,117.3,1.0,111.0,1.0,118.6,1.0,110.6,1.0,118.65,1.0,110.5,2.0,120.0,1.0,103.0,1.0,121.4,5.0
204,Germany_Baseload#19#0#10000106,2021-10-28 06:58:03.205000,114.5,1.0,114.9,6.0,114.0,1.0,115.0,2.0,113.85,1.0,115.5,1.0,113.75,1.0,115.7,1.0,113.47,2.0,115.9,1.0,113.0,1.0,117.3,1.0,111.0,8.0,118.6,1.0,110.6,1.0,118.65,1.0,110.5,2.0,120.0,1.0,103.0,1.0,121.4,5.0
205,Germany_Baseload#19#0#10000106,2021-10-28 06:58:03.236000,114.5,1.0,114.9,6.0,114.47,2.0,115.0,2.0,114.0,1.0,115.5,1.0,113.85,1.0,115.7,1.0,113.75,1.0,115.9,1.0,113.0,1.0,117.3,1.0,111.0,8.0,118.6,1.0,110.6,1.0,118.65,1.0,110.5,2.0,120.0,1.0,103.0,1.0,121.4,5.0
206,Germany_Baseload#19#0#10000106,2021-10-28 06:58:03.247000,114.5,1.0,114.9,6.0,114.0,1.0,115.0,2.0,113.85,1.0,115.5,1.0,113.75,1.0,115.7,1.0,113.47,1.0,115.9,1.0,113.0,1.0,117.3,1.0,111.0,8.0,118.6,1.0,110.6,1.0,118.65,1.0,110.5,2.0,120.0,1.0,103.0,1.0,121.4,5.0
207,Germany_Baseload#19#0#10000106,2021-10-28 06:58:03.249000,114.5,1.0,114.9,6.0,114.0,1.0,115.0,2.0,113.85,1.0,115.5,1.0,113.75,1.0,115.7,1.0,113.0,1.0,115.9,1.0,111.0,8.0,117.3,1.0,110.6,1.0,118.6,1.0,110.5,2.0,118.65,1.0,103.0,1.0,120.0,1.0,60.0,1.0,121.4,5.0
208,Germany_Baseload#19#0#10000106,2021-10-28 06:58:16.548000,114.5,1.0,114.9,6.0,114.47,2.0,115.0,2.0,114.25,1.0,115.5,1.0,114.0,1.0,115.7,1.0,113.75,1.0,115.9,1.0,113.0,1.0,117.3,1.0,111.0,8.0,118.6,1.0,110.6,1.0,118.65,1.0,110.5,2.0,120.0,1.0,103.0,1.0,121.4,5.0
209,Germany_Baseload#19#0#10000106,2021-10-28 06:58:21.952000,114.5,1.0,114.9,6.0,114.47,2.0,115.0,2.0,114.25,1.0,115.5,1.0,114.0,1.0,115.7,1.0,113.75,1.0,115.9,1.0,113.0,1.0,117.3,1.0,111.0,8.0,118.5,1.0,110.6,1.0,118.6,1.0,110.5,2.0,118.65,1.0,103.0,1.0,120.0,1.0
210,Germany_Baseload#19#0#10000106,2021-10-28 06:58:37.678000,114.5,1.0,114.85,1.0,114.47,2.0,114.9,5.0,114.25,1.0,115.0,2.0,114.0,1.0,115.5,1.0,113.75,1.0,115.7,1.0,113.0,1.0,115.9,1.0,111.0,8.0,117.3,1.0,110.6,1.0,118.5,1.0,110.5,2.0,118.6,1.0,103.0,1.0,118.65,1.0
211,Germany_Baseload#19#0#10000106,2021-10-28 06:58:42.441000,114.5,1.0,114.85,2.0,114.47,2.0,114.9,5.0,114.25,1.0,115.0,2.0,114.0,1.0,115.5,1.0,113.75,1.0,115.7,1.0,113.0,1.0,115.9,1.0,111.0,8.0,117.3,1.0,110.6,1.0,118.5,1.0,110.5,2.0,118.6,1.0,103.0,1.0,118.65,1.0
212,Germany_Baseload#19#0#10000106,2021-10-28 06:58:49.743000,114.5,1.0,114.85,2.0,114.47,2.0,114.9,5.0,114.25,1.0,115.0,2.0,114.0,1.0,115.5,1.0,113.75,1.0,115.7,1.0,113.0,1.0,115.9,1.0,111.0,8.0,117.3,1.0,110.6,1.0,118.5,1.0,110.5,2.0,118.6,1.0,103.0,1.0,118.65,1.0
213,Germany_Baseload#19#0#10000106,2021-10-28 06:58:57.292000,114.5,1.0,114.85,2.0,114.47,2.0,114.9,5.0,114.3,1.0,115.0,2.0,114.25,1.0,115.5,1.0,114.0,1.0,115.7,1.0,113.75,1.0,115.9,1.0,113.0,1.0,117.3,1.0,111.0,8.0,118.5,1.0,110.6,1.0,118.6,1.0,110.5,2.0,118.65,1.0
214,Germany_Baseload#19#0#10000106,2021-10-28 06:58:57.293000,114.5,1.0,114.85,2.0,114.47,2.0,114.9,5.0,114.3,1.0,115.0,2.0,114.0,1.0,115.5,1.0,113.75,1.0,115.7,1.0,113.0,1.0,115.9,1.0,111.0,8.0,117.3,1.0,110.6,1.0,118.5,1.0,110.5,2.0,118.6,1.0,103.0,1.0,118.65,1.0
215,Germany_Baseload#19#0#10000106,2021-10-28 06:59:19.553000,114.55,1.0,114.85,2.0,114.5,1.0,114.9,5.0,114.47,2.0,115.0,2.0,114.3,1.0,115.5,1.0,114.0,1.0,115.7,1.0,113.75,1.0,115.9,1.0,113.0,1.0,117.3,1.0,111.0,8.0,118.5,1.0,110.6,1.0,118.6,1.0,110.5,2.0,118.65,1.0
216,Germany_Baseload#19#0#10000106,2021-10-28 06:59:22.139000,114.55,1.0,114.85,2.0,114.5,1.0,114.9,5.0,114.47,2.0,115.0,2.0,114.3,1.0,115.5,1.0,114.0,1.0,115.7,1.0,113.75,1.0,115.9,1.0,113.0,1.0,117.3,1.0,111.0,8.0,118.5,1.0,110.6,1.0,118.6,1.0,110.5,2.0,118.65,1.0
217,Germany_Baseload#19#0#10000106,2021-10-28 06:59:22.342000,114.55,1.0,114.85,2.0,114.5,1.0,114.9,5.0,114.47,2.0,115.0,2.0,114.3,1.0,115.5,1.0,114.0,1.0,115.7,1.0,113.75,1.0,115.9,1.0,113.0,1.0,117.3,1.0,111.0,8.0,118.5,1.0,110.6,1.0,118.6,1.0,110.5,2.0,118.65,1.0
218,Germany_Baseload#19#0#10000106,2021-10-28 06:59:26.267000,114.55,1.0,114.85,2.0,114.5,1.0,114.9,5.0,114.47,2.0,115.0,2.0,114.35,1.0,115.5,1.0,114.0,1.0,115.7,1.0,113.75,1.0,115.9,1.0,113.0,1.0,117.3,1.0,111.0,8.0,118.5,1.0,110.6,1.0,118.6,1.0,110.5,2.0,118.65,1.0
219,Germany_Baseload#19#0#10000106,2021-10-28 06:59:52.039000,114.75,1.0,114.85,2.0,114.55,1.0,114.9,5.0,114.5,1.0,115.0,2.0,114.47,2.0,115.5,1.0,114.35,1.0,115.7,1.0,114.0,1.0,115.9,1.0,113.75,1.0,117.3,1.0,113.0,1.0,118.5,1.0,111.0,8.0,118.6,1.0,110.6,1.0,118.65,1.0
220,Germany_Baseload#19#0#10000106,2021-10-28 06:59:57.526000,114.75,1.0,114.9,5.0,114.55,1.0,115.0,2.0,114.5,1.0,115.5,1.0,114.47,2.0,115.7,1.0,114.35,1.0,115.9,1.0,114.0,1.0,117.3,1.0,113.75,1.0,118.5,1.0,113.0,1.0,118.6,1.0,111.0,8.0,118.65,1.0,110.6,1.0,120.0,1.0
221,Germany_Baseload#19#0#10000106,2021-10-28 07:00:02.488000,114.75,1.0,114.9,5.0,114.55,1.0,115.0,2.0,114.5,1.0,115.5,1.0,114.47,2.0,115.7,1.0,114.35,1.0,115.9,1.0,114.34,1.0,117.3,1.0,114.0,1.0,118.5,1.0,113.75,1.0,118.6,1.0,113.0,1.0,118.65,1.0,111.0,8.0,120.0,1.0
222,Germany_Baseload#19#0#10000106,2021-10-28 07:00:03.631000,114.75,1.0,114.9,5.0,114.55,1.0,115.0,2.0,114.5,1.0,115.5,1.0,114.47,2.0,115.7,1.0,114.34,1.0,115.9,1.0,114.0,1.0,117.3,1.0,113.75,1.0,118.5,1.0,113.0,1.0,118.6,1.0,111.0,8.0,118.65,1.0,110.6,1.0,120.0,1.0
223,Germany_Baseload#19#0#10000106,2021-10-28 07:00:03.736000,114.75,1.0,114.9,5.0,114.55,1.0,115.0,2.0,114.5,1.0,115.5,1.0,114.47,2.0,115.7,1.0,114.33,1.0,115.9,1.0,114.0,1.0,117.3,1.0,113.75,1.0,118.5,1.0,113.0,1.0,118.6,1.0,111.0,8.0,118.65,1.0,110.6,1.0,120.0,1.0
224,Germany_Baseload#19#0#10000106,2021-10-28 07:00:03.928000,114.75,1.0,114.9,5.0,114.55,1.0,115.0,2.0,114.5,1.0,115.5,1.0,114.47,2.0,115.7,1.0,114.32,1.0,115.9,1.0,114.0,1.0,117.3,1.0,113.75,1.0,118.5,1.0,113.0,1.0,118.6,1.0,111.0,8.0,118.65,1.0,110.6,1.0,120.0,1.0
225,Germany_Baseload#19#0#10000106,2021-10-28 07:00:04.132000,114.75,1.0,114.9,5.0,114.55,1.0,115.0,2.0,114.5,1.0,115.5,1.0,114.47,2.0,115.7,1.0,114.32,1.0,115.9,1.0,114.31,1.0,117.3,1.0,114.0,1.0,118.5,1.0,113.75,1.0,118.6,1.0,113.0,1.0,118.65,1.0,111.0,8.0,120.0,1.0
226,Germany_Baseload#19#0#10000106,2021-10-28 07:00:04.133000,114.75,1.0,114.9,5.0,114.55,1.0,115.0,2.0,114.5,1.0,115.5,1.0,114.47,2.0,115.7,1.0,114.31,1.0,115.9,1.0,114.0,1.0,117.3,1.0,113.75,1.0,118.5,1.0,113.0,1.0,118.6,1.0,111.0,8.0,118.65,1.0,110.6,1.0,120.0,1.0
227,Germany_Baseload#19#0#10000106,2021-10-28 07:00:04.326000,114.75,1.0,114.9,5.0,114.55,1.0,115.0,2.0,114.5,1.0,115.5,1.0,114.47,2.0,115.7,1.0,114.3,1.0,115.9,1.0,114.0,1.0,117.3,1.0,113.75,1.0,118.5,1.0,113.0,1.0,118.6,1.0,111.0,8.0,118.65,1.0,110.6,1.0,120.0,1.0
228,Germany_Baseload#19#0#10000106,2021-10-28 07:00:04.534000,114.75,1.0,114.9,5.0,114.55,1.0,115.0,2.0,114.5,1.0,115.5,1.0,114.47,2.0,115.7,1.0,114.29,1.0,115.9,1.0,114.0,1.0,117.3,1.0,113.75,1.0,118.5,1.0,113.0,1.0,118.6,1.0,111.0,8.0,118.65,1.0,110.6,1.0,120.0,1.0
229,Germany_Baseload#19#0#10000106,2021-10-28 07:00:04.725000,114.75,1.0,114.9,5.0,114.55,1.0,115.0,2.0,114.5,1.0,115.5,1.0,114.47,2.0,115.7,1.0,114.29,1.0,115.9,1.0,114.28,1.0,117.3,1.0,114.0,1.0,118.5,1.0,113.75,1.0,118.6,1.0,113.0,1.0,118.65,1.0,111.0,8.0,120.0,1.0
230,Germany_Baseload#19#0#10000106,2021-10-28 07:00:04.726000,114.75,1.0,114.9,5.0,114.55,1.0,115.0,2.0,114.5,1.0,115.5,1.0,114.47,2.0,115.7,1.0,114.28,1.0,115.9,1.0,114.0,1.0,117.3,1.0,113.75,1.0,118.5,1.0,113.0,1.0,118.6,1.0,111.0,8.0,118.65,1.0,110.6,1.0,120.0,1.0
231,Germany_Baseload#19#0#10000106,2021-10-28 07:00:04.868000,114.75,1.0,114.85,1.0,114.55,1.0,114.9,5.0,114.5,1.0,115.0,2.0,114.47,2.0,115.5,1.0,114.28,1.0,115.7,1.0,114.0,1.0,115.9,1.0,113.75,1.0,117.3,1.0,113.0,1.0,118.5,1.0,111.0,8.0,118.6,1.0,110.6,1.0,118.65,1.0
232,Germany_Baseload#19#0#10000106,2021-10-28 07:00:04.928000,114.75,1.0,114.85,1.0,114.55,1.0,114.9,5.0,114.5,1.0,115.0,2.0,114.47,2.0,115.5,1.0,114.27,1.0,115.7,1.0,114.0,1.0,115.9,1.0,113.75,1.0,117.3,1.0,113.0,1.0,118.5,1.0,111.0,8.0,118.6,1.0,110.6,1.0,118.65,1.0
233,Germany_Baseload#19#0#10000106,2021-10-28 07:00:08.815000,114.75,1.0,114.85,1.0,114.55,1.0,114.9,4.0,114.5,1.0,115.0,2.0,114.47,2.0,115.5,1.0,114.27,1.0,115.7,1.0,114.0,1.0,115.9,1.0,113.75,1.0,117.3,1.0,113.0,1.0,118.5,1.0,111.0,8.0,118.6,1.0,110.6,1.0,118.65,1.0
234,Germany_Baseload#19#0#10000106,2021-10-28 07:00:10.828000,114.8,1.0,114.85,1.0,114.75,1.0,114.9,4.0,114.5,1.0,115.0,2.0,114.47,2.0,115.5,1.0,114.27,1.0,115.7,1.0,114.0,1.0,115.9,1.0,113.75,1.0,117.3,1.0,113.0,1.0,118.5,1.0,111.0,8.0,118.6,1.0,110.6,1.0,118.65,1.0
235,Germany_Baseload#19#0#10000106,2021-10-28 07:00:11.176000,114.8,1.0,114.9,4.0,114.75,1.0,115.0,2.0,114.5,1.0,115.5,1.0,114.47,2.0,115.7,1.0,114.27,1.0,115.9,1.0,114.0,1.0,117.3,1.0,113.75,1.0,118.5,1.0,113.0,1.0,118.6,1.0,111.0,8.0,118.65,1.0,110.6,1.0,120.0,1.0
236,Germany_Baseload#19#0#10000106,2021-10-28 07:00:11.276000,114.8,1.0,114.9,4.0,114.75,1.0,115.0,2.0,114.5,1.0,115.5,1.0,114.47,2.0,115.7,1.0,114.26,1.0,115.9,1.0,114.0,1.0,117.3,1.0,113.75,1.0,118.5,1.0,113.0,1.0,118.6,1.0,111.0,8.0,118.65,1.0,110.6,1.0,120.0,1.0
237,Germany_Baseload#19#0#10000106,2021-10-28 07:00:11.469000,114.8,1.0,114.9,4.0,114.75,1.0,115.0,2.0,114.5,1.0,115.5,1.0,114.47,2.0,115.7,1.0,114.25,1.0,115.9,1.0,114.0,1.0,117.3,1.0,113.75,1.0,118.5,1.0,113.0,1.0,118.6,1.0,111.0,8.0,118.65,1.0,110.6,1.0,120.0,1.0
238,Germany_Baseload#19#0#10000106,2021-10-28 07:00:11.674000,114.8,1.0,114.9,4.0,114.75,1.0,115.0,2.0,114.5,1.0,115.5,1.0,114.47,2.0,115.7,1.0,114.24,1.0,115.9,1.0,114.0,1.0,117.3,1.0,113.75,1.0,118.5,1.0,113.0,1.0,118.6,1.0,111.0,8.0,118.65,1.0,110.6,1.0,120.0,1.0
239,Germany_Baseload#19#0#10000106,2021-10-28 07:00:11.892000,114.8,1.0,114.9,4.0,114.75,1.0,115.0,2.0,114.5,1.0,115.5,1.0,114.47,2.0,115.7,1.0,114.23,1.0,115.9,1.0,114.0,1.0,117.3,1.0,113.75,1.0,118.5,1.0,113.0,1.0,118.6,1.0,111.0,8.0,118.65,1.0,110.6,1.0,120.0,1.0
240,Germany_Baseload#19#0#10000106,2021-10-28 07:00:12.071000,114.8,1.0,114.9,4.0,114.75,1.0,115.0,2.0,114.5,1.0,115.5,1.0,114.47,2.0,115.7,1.0,114.22,1.0,115.9,1.0,114.0,1.0,117.3,1.0,113.75,1.0,118.5,1.0,113.0,1.0,118.6,1.0,111.0,8.0,118.65,1.0,110.6,1.0,120.0,1.0
241,Germany_Baseload#19#0#10000106,2021-10-28 07:00:12.279000,114.8,1.0,114.9,4.0,114.75,1.0,115.0,2.0,114.5,1.0,115.5,1.0,114.47,2.0,115.7,1.0,114.21,1.0,115.9,1.0,114.0,1.0,117.3,1.0,113.75,1.0,118.5,1.0,113.0,1.0,118.6,1.0,111.0,8.0,118.65,1.0,110.6,1.0,120.0,1.0
242,Germany_Baseload#19#0#10000106,2021-10-28 07:00:12.477000,114.8,1.0,114.9,4.0,114.75,1.0,115.0,2.0,114.5,1.0,115.5,1.0,114.47,2.0,115.7,1.0,114.2,1.0,115.9,1.0,114.0,1.0,117.3,1.0,113.75,1.0,118.5,1.0,113.0,1.0,118.6,1.0,111.0,8.0,118.65,1.0,110.6,1.0,120.0,1.0
243,Germany_Baseload#19#0#10000106,2021-10-28 07:00:12.674000,114.8,1.0,114.9,4.0,114.75,1.0,115.0,2.0,114.5,1.0,115.5,1.0,114.47,2.0,115.7,1.0,114.19,1.0,115.9,1.0,114.0,1.0,117.3,1.0,113.75,1.0,118.5,1.0,113.0,1.0,118.6,1.0,111.0,8.0,118.65,1.0,110.6,1.0,120.0,1.0
244,Germany_Baseload#19#0#10000106,2021-10-28 07:00:12.703000,114.8,1.0,114.9,4.0,114.75,1.0,115.0,2.0,114.55,1.0,115.5,1.0,114.5,1.0,115.7,1.0,114.47,2.0,115.9,1.0,114.19,1.0,117.3,1.0,114.0,1.0,118.5,1.0,113.75,1.0,118.6,1.0,113.0,1.0,118.65,1.0,111.0,8.0,120.0,1.0
245,Germany_Baseload#19#0#10000106,2021-10-28 07:00:12.867000,114.85,1.0,114.9,4.0,114.8,1.0,115.0,2.0,114.55,1.0,115.5,1.0,114.5,1.0,115.7,1.0,114.47,2.0,115.9,1.0,114.19,1.0,117.3,1.0,114.0,1.0,118.5,1.0,113.75,1.0,118.6,1.0,113.0,1.0,118.65,1.0,111.0,8.0,120.0,1.0
246,Germany_Baseload#19#0#10000106,2021-10-28 07:00:12.878000,114.85,1.0,114.9,4.0,114.8,1.0,115.0,2.0,114.55,1.0,115.5,1.0,114.54,1.0,115.7,1.0,114.5,1.0,115.9,1.0,114.47,2.0,117.3,1.0,114.0,1.0,118.5,1.0,113.75,1.0,118.6,1.0,113.0,1.0,118.65,1.0,111.0,8.0,120.0,1.0
247,Germany_Baseload#19#0#10000106,2021-10-28 07:00:15.128000,114.85,1.0,114.9,3.0,114.8,1.0,115.0,2.0,114.55,1.0,115.5,1.0,114.54,1.0,115.7,1.0,114.5,1.0,115.9,1.0,114.47,2.0,117.3,1.0,114.0,1.0,118.5,1.0,113.75,1.0,118.6,1.0,113.0,1.0,118.65,1.0,111.0,8.0,120.0,1.0
248,Germany_Baseload#19#0#10000106,2021-10-28 07:00:15.488000,114.85,1.0,115.0,2.0,114.8,1.0,115.5,1.0,114.55,1.0,115.7,1.0,114.54,1.0,115.9,1.0,114.5,1.0,117.3,1.0,114.47,2.0,118.5,1.0,114.0,1.0,118.6,1.0,113.75,1.0,118.65,1.0,113.0,1.0,120.0,1.0,111.0,8.0,121.4,5.0
249,Germany_Baseload#19#0#10000106,2021-10-28 07:00:15.534000,114.85,1.0,114.9,2.0,114.8,1.0,115.0,2.0,114.55,1.0,115.5,1.0,114.54,1.0,115.7,1.0,114.5,1.0,115.9,1.0,114.47,2.0,117.3,1.0,114.0,1.0,118.5,1.0,113.75,1.0,118.6,1.0,113.0,1.0,118.65,1.0,111.0,8.0,120.0,1.0
250,Germany_Baseload#19#0#10000106,2021-10-28 07:00:15.585000,114.85,1.0,114.9,2.0,114.8,1.0,115.0,2.0,114.56,1.0,115.5,1.0,114.55,1.0,115.7,1.0,114.5,1.0,115.9,1.0,114.47,2.0,117.3,1.0,114.0,1.0,118.5,1.0,113.75,1.0,118.6,1.0,113.0,1.0,118.65,1.0,111.0,8.0,120.0,1.0
251,Germany_Baseload#19#0#10000106,2021-10-28 07:00:15.786000,114.85,1.0,114.9,2.0,114.8,1.0,115.0,2.0,114.55,2.0,115.5,1.0,114.5,1.0,115.7,1.0,114.47,2.0,115.9,1.0,114.0,1.0,117.3,1.0,113.75,1.0,118.5,1.0,113.0,1.0,118.6,1.0,111.0,8.0,118.65,1.0,110.6,1.0,120.0,1.0
252,Germany_Baseload#19#0#10000106,2021-10-28 07:00:16.796000,114.85,1.0,114.9,1.0,114.8,1.0,115.0,2.0,114.55,2.0,115.5,1.0,114.5,1.0,115.7,1.0,114.47,2.0,115.9,1.0,114.0,1.0,117.3,1.0,113.75,1.0,118.5,1.0,113.0,1.0,118.6,1.0,111.0,8.0,118.65,1.0,110.6,1.0,120.0,1.0
253,Germany_Baseload#19#0#10000106,2021-10-28 07:00:16.890000,114.85,1.0,114.9,1.0,114.8,1.0,115.0,2.0,114.56,1.0,115.5,1.0,114.55,1.0,115.7,1.0,114.5,1.0,115.9,1.0,114.47,2.0,117.3,1.0,114.0,1.0,118.5,1.0,113.75,1.0,118.6,1.0,113.0,1.0,118.65,1.0,111.0,8.0,120.0,1.0
254,Germany_Baseload#19#0#10000106,2021-10-28 07:00:19.193000,114.85,1.0,114.9,1.0,114.8,1.0,115.0,2.0,114.56,1.0,115.5,1.0,114.55,1.0,115.7,1.0,114.5,1.0,115.9,1.0,114.47,2.0,117.3,1.0,114.25,1.0,118.5,1.0,114.0,1.0,118.6,1.0,113.75,1.0,118.65,1.0,113.0,1.0,120.0,1.0
255,Germany_Baseload#19#0#10000106,2021-10-28 07:00:19.930000,114.85,1.0,115.0,2.0,114.8,1.0,115.5,1.0,114.56,1.0,115.7,1.0,114.55,1.0,115.9,1.0,114.5,1.0,117.3,1.0,114.47,2.0,118.5,1.0,114.25,1.0,118.6,1.0,114.0,1.0,118.65,1.0,113.75,1.0,120.0,1.0,113.0,1.0,121.4,5.0
256,Germany_Baseload#19#0#10000106,2021-10-28 07:00:19.956000,114.85,1.0,114.9,2.0,114.8,1.0,115.0,2.0,114.56,1.0,115.5,1.0,114.55,1.0,115.7,1.0,114.5,1.0,115.9,1.0,114.47,2.0,117.3,1.0,114.25,1.0,118.5,1.0,114.0,1.0,118.6,1.0,113.75,1.0,118.65,1.0,113.0,1.0,120.0,1.0
257,Germany_Baseload#19#0#10000106,2021-10-28 07:00:20.221000,114.85,1.0,114.9,2.0,114.8,1.0,115.0,2.0,114.55,2.0,115.5,1.0,114.5,1.0,115.7,1.0,114.47,2.0,115.9,1.0,114.25,1.0,117.3,1.0,114.0,1.0,118.5,1.0,113.75,1.0,118.6,1.0,113.0,1.0,118.65,1.0,111.0,8.0,120.0,1.0
258,Germany_Baseload#19#0#10000106,2021-10-28 07:00:20.761000,114.85,1.0,114.9,3.0,114.8,1.0,115.0,2.0,114.55,2.0,115.5,1.0,114.5,1.0,115.7,1.0,114.47,2.0,115.9,1.0,114.25,1.0,117.3,1.0,114.0,1.0,118.5,1.0,113.75,1.0,118.6,1.0,113.0,1.0,118.65,1.0,111.0,8.0,120.0,1.0
259,Germany_Baseload#19#0#10000106,2021-10-28 07:00:20.846000,114.85,1.0,114.9,3.0,114.8,1.0,115.0,2.0,114.55,1.0,115.5,1.0,114.54,1.0,115.7,1.0,114.5,1.0,115.9,1.0,114.47,2.0,117.3,1.0,114.25,1.0,118.5,1.0,114.0,1.0,118.6,1.0,113.75,1.0,118.65,1.0,113.0,1.0,120.0,1.0
260,Germany_Baseload#19#0#10000106,2021-10-28 07:00:23.942000,114.85,1.0,114.9,3.0,114.8,1.0,115.0,2.0,114.54,1.0,115.5,1.0,114.5,1.0,115.7,1.0,114.47,2.0,115.9,1.0,114.25,1.0,117.3,1.0,114.0,1.0,118.5,1.0,113.75,1.0,118.6,1.0,113.0,1.0,118.65,1.0,111.0,8.0,120.0,1.0
261,Germany_Baseload#19#0#10000106,2021-10-28 07:00:24.038000,114.85,1.0,114.9,3.0,114.8,1.0,115.0,2.0,114.53,1.0,115.5,1.0,114.5,1.0,115.7,1.0,114.47,2.0,115.9,1.0,114.25,1.0,117.3,1.0,114.0,1.0,118.5,1.0,113.75,1.0,118.6,1.0,113.0,1.0,118.65,1.0,111.0,8.0,120.0,1.0
262,Germany_Baseload#19#0#10000106,2021-10-28 07:00:24.233000,114.85,1.0,114.9,3.0,114.8,1.0,115.0,2.0,114.52,1.0,115.5,1.0,114.5,1.0,115.7,1.0,114.47,2.0,115.9,1.0,114.25,1.0,117.3,1.0,114.0,1.0,118.5,1.0,113.75,1.0,118.6,1.0,113.0,1.0,118.65,1.0,111.0,8.0,120.0,1.0
263,Germany_Baseload#19#0#10000106,2021-10-28 07:00:24.434000,114.85,1.0,114.9,3.0,114.8,1.0,115.0,2.0,114.51,1.0,115.5,1.0,114.5,1.0,115.7,1.0,114.47,2.0,115.9,1.0,114.25,1.0,117.3,1.0,114.0,1.0,118.5,1.0,113.75,1.0,118.6,1.0,113.0,1.0,118.65,1.0,111.0,8.0,120.0,1.0
264,Germany_Baseload#19#0#10000106,2021-10-28 07:00:24.640000,114.85,1.0,114.9,3.0,114.8,1.0,115.0,2.0,114.5,1.0,115.5,1.0,114.47,2.0,115.7,1.0,114.25,1.0,115.9,1.0,114.0,1.0,117.3,1.0,113.75,1.0,118.5,1.0,113.0,1.0,118.6,1.0,111.0,8.0,118.65,1.0,110.6,1.0,120.0,1.0
265,Germany_Baseload#19#0#10000106,2021-10-28 07:00:24.833000,114.85,1.0,114.9,3.0,114.8,1.0,115.0,2.0,114.5,1.0,115.5,1.0,114.49,1.0,115.7,1.0,114.47,2.0,115.9,1.0,114.25,1.0,117.3,1.0,114.0,1.0,118.5,1.0,113.75,1.0,118.6,1.0,113.0,1.0,118.65,1.0,111.0,8.0,120.0,1.0
266,Germany_Baseload#19#0#10000106,2021-10-28 07:00:25.034000,114.85,1.0,114.9,3.0,114.8,1.0,115.0,2.0,114.5,1.0,115.5,1.0,114.48,1.0,115.7,1.0,114.47,2.0,115.9,1.0,114.25,1.0,117.3,1.0,114.0,1.0,118.5,1.0,113.75,1.0,118.6,1.0,113.0,1.0,118.65,1.0,111.0,8.0,120.0,1.0
267,Germany_Baseload#19#0#10000106,2021-10-28 07:00:25.234000,114.85,1.0,114.9,3.0,114.8,1.0,115.0,2.0,114.5,1.0,115.5,1.0,114.48,1.0,115.7,1.0,114.47,1.0,115.9,1.0,114.25,1.0,117.3,1.0,114.0,1.0,118.5,1.0,113.75,1.0,118.6,1.0,113.0,1.0,118.65,1.0,111.0,8.0,120.0,1.0
268,Germany_Baseload#19#0#10000106,2021-10-28 07:00:25.235000,114.85,1.0,114.9,3.0,114.8,1.0,115.0,2.0,114.5,1.0,115.5,1.0,114.47,1.0,115.7,1.0,114.25,1.0,115.9,1.0,114.0,1.0,117.3,1.0,113.75,1.0,118.5,1.0,113.0,1.0,118.6,1.0,111.0,8.0,118.65,1.0,110.6,1.0,120.0,1.0
269,Germany_Baseload#19#0#10000106,2021-10-28 07:00:25.434000,114.85,1.0,114.9,3.0,114.8,1.0,115.0,2.0,114.5,1.0,115.5,1.0,114.47,2.0,115.7,1.0,114.46,1.0,115.9,1.0,114.25,1.0,117.3,1.0,114.0,1.0,118.5,1.0,113.75,1.0,118.6,1.0,113.0,1.0,118.65,1.0,111.0,8.0,120.0,1.0
270,Germany_Baseload#19#0#10000106,2021-10-28 07:00:25.633000,114.85,1.0,114.9,3.0,114.8,1.0,115.0,2.0,114.5,1.0,115.5,1.0,114.47,2.0,115.7,1.0,114.45,1.0,115.9,1.0,114.25,1.0,117.3,1.0,114.0,1.0,118.5,1.0,113.75,1.0,118.6,1.0,113.0,1.0,118.65,1.0,111.0,8.0,120.0,1.0
271,Germany_Baseload#19#0#10000106,2021-10-28 07:00:25.835000,114.85,1.0,114.9,3.0,114.8,1.0,115.0,2.0,114.5,1.0,115.5,1.0,114.47,2.0,115.7,1.0,114.44,1.0,115.9,1.0,114.25,1.0,117.3,1.0,114.0,1.0,118.5,1.0,113.75,1.0,118.6,1.0,113.0,1.0,118.65,1.0,111.0,8.0,120.0,1.0
272,Germany_Baseload#19#0#10000106,2021-10-28 07:00:26.034000,114.85,1.0,114.9,3.0,114.8,1.0,115.0,2.0,114.5,1.0,115.5,1.0,114.47,2.0,115.7,1.0,114.43,1.0,115.9,1.0,114.25,1.0,117.3,1.0,114.0,1.0,118.5,1.0,113.75,1.0,118.6,1.0,113.0,1.0,118.65,1.0,111.0,8.0,120.0,1.0
273,Germany_Baseload#19#0#10000106,2021-10-28 07:00:26.239000,114.85,1.0,114.9,3.0,114.8,1.0,115.0,2.0,114.5,1.0,115.5,1.0,114.47,2.0,115.7,1.0,114.42,1.0,115.9,1.0,114.25,1.0,117.3,1.0,114.0,1.0,118.5,1.0,113.75,1.0,118.6,1.0,113.0,1.0,118.65,1.0,111.0,8.0,120.0,1.0
274,Germany_Baseload#19#0#10000106,2021-10-28 07:00:26.436000,114.85,1.0,114.9,3.0,114.8,1.0,115.0,2.0,114.5,1.0,115.5,1.0,114.47,2.0,115.7,1.0,114.41,1.0,115.9,1.0,114.25,1.0,117.3,1.0,114.0,1.0,118.5,1.0,113.75,1.0,118.6,1.0,113.0,1.0,118.65,1.0,111.0,8.0,120.0,1.0
275,Germany_Baseload#19#0#10000106,2021-10-28 07:00:26.635000,114.85,1.0,114.9,3.0,114.8,1.0,115.0,2.0,114.5,1.0,115.5,1.0,114.47,2.0,115.7,1.0,114.4,1.0,115.9,1.0,114.25,1.0,117.3,1.0,114.0,1.0,118.5,1.0,113.75,1.0,118.6,1.0,113.0,1.0,118.65,1.0,111.0,8.0,120.0,1.0
276,Germany_Baseload#19#0#10000106,2021-10-28 07:00:26.837000,114.85,1.0,114.9,3.0,114.8,1.0,115.0,2.0,114.5,1.0,115.5,1.0,114.47,2.0,115.7,1.0,114.39,1.0,115.9,1.0,114.25,1.0,117.3,1.0,114.0,1.0,118.5,1.0,113.75,1.0,118.6,1.0,113.0,1.0,118.65,1.0,111.0,8.0,120.0,1.0
277,Germany_Baseload#19#0#10000106,2021-10-28 07:00:27.033000,114.85,1.0,114.9,3.0,114.8,1.0,115.0,2.0,114.5,1.0,115.5,1.0,114.47,2.0,115.7,1.0,114.38,1.0,115.9,1.0,114.25,1.0,117.3,1.0,114.0,1.0,118.5,1.0,113.75,1.0,118.6,1.0,113.0,1.0,118.65,1.0,111.0,8.0,120.0,1.0
278,Germany_Baseload#19#0#10000106,2021-10-28 07:00:27.237000,114.85,1.0,114.9,3.0,114.8,1.0,115.0,2.0,114.5,1.0,115.5,1.0,114.47,2.0,115.7,1.0,114.37,1.0,115.9,1.0,114.25,1.0,117.3,1.0,114.0,1.0,118.5,1.0,113.75,1.0,118.6,1.0,113.0,1.0,118.65,1.0,111.0,8.0,120.0,1.0
279,Germany_Baseload#19#0#10000106,2021-10-28 07:00:27.432000,114.85,1.0,114.9,3.0,114.8,1.0,115.0,2.0,114.5,1.0,115.5,1.0,114.47,2.0,115.7,1.0,114.36,1.0,115.9,1.0,114.25,1.0,117.3,1.0,114.0,1.0,118.5,1.0,113.75,1.0,118.6,1.0,113.0,1.0,118.65,1.0,111.0,8.0,120.0,1.0
280,Germany_Baseload#19#0#10000106,2021-10-28 07:00:27.634000,114.85,1.0,114.9,3.0,114.8,1.0,115.0,2.0,114.5,1.0,115.5,1.0,114.47,2.0,115.7,1.0,114.35,1.0,115.9,1.0,114.25,1.0,117.3,1.0,114.0,1.0,118.5,1.0,113.75,1.0,118.6,1.0,113.0,1.0,118.65,1.0,111.0,8.0,120.0,1.0
281,Germany_Baseload#19#0#10000106,2021-10-28 07:00:27.835000,114.85,1.0,114.9,3.0,114.8,1.0,115.0,2.0,114.5,1.0,115.5,1.0,114.47,2.0,115.7,1.0,114.34,1.0,115.9,1.0,114.25,1.0,117.3,1.0,114.0,1.0,118.5,1.0,113.75,1.0,118.6,1.0,113.0,1.0,118.65,1.0,111.0,8.0,120.0,1.0
282,Germany_Baseload#19#0#10000106,2021-10-28 07:00:28.032000,114.85,1.0,114.9,3.0,114.8,1.0,115.0,2.0,114.5,1.0,115.5,1.0,114.47,2.0,115.7,1.0,114.33,1.0,115.9,1.0,114.25,1.0,117.3,1.0,114.0,1.0,118.5,1.0,113.75,1.0,118.6,1.0,113.0,1.0,118.65,1.0,111.0,8.0,120.0,1.0
283,Germany_Baseload#19#0#10000106,2021-10-28 07:00:28.236000,114.85,1.0,114.9,3.0,114.8,1.0,115.0,2.0,114.5,1.0,115.5,1.0,114.47,2.0,115.7,1.0,114.32,1.0,115.9,1.0,114.25,1.0,117.3,1.0,114.0,1.0,118.5,1.0,113.75,1.0,118.6,1.0,113.0,1.0,118.65,1.0,111.0,8.0,120.0,1.0
284,Germany_Baseload#19#0#10000106,2021-10-28 07:00:28.439000,114.85,1.0,114.9,3.0,114.8,1.0,115.0,2.0,114.5,1.0,115.5,1.0,114.47,2.0,115.7,1.0,114.31,1.0,115.9,1.0,114.25,1.0,117.3,1.0,114.0,1.0,118.5,1.0,113.75,1.0,118.6,1.0,113.0,1.0,118.65,1.0,111.0,8.0,120.0,1.0
285,Germany_Baseload#19#0#10000106,2021-10-28 07:00:28.632000,114.85,1.0,114.9,3.0,114.8,1.0,115.0,2.0,114.5,1.0,115.5,1.0,114.47,2.0,115.7,1.0,114.3,1.0,115.9,1.0,114.25,1.0,117.3,1.0,114.0,1.0,118.5,1.0,113.75,1.0,118.6,1.0,113.0,1.0,118.65,1.0,111.0,8.0,120.0,1.0
286,Germany_Baseload#19#0#10000106,2021-10-28 07:00:28.833000,114.85,1.0,114.9,3.0,114.8,1.0,115.0,2.0,114.5,1.0,115.5,1.0,114.47,2.0,115.7,1.0,114.29,1.0,115.9,1.0,114.25,1.0,117.3,1.0,114.0,1.0,118.5,1.0,113.75,1.0,118.6,1.0,113.0,1.0,118.65,1.0,111.0,8.0,120.0,1.0
287,Germany_Baseload#19#0#10000106,2021-10-28 07:00:29.039000,114.85,1.0,114.9,3.0,114.8,1.0,115.0,2.0,114.5,1.0,115.5,1.0,114.47,2.0,115.7,1.0,114.28,1.0,115.9,1.0,114.25,1.0,117.3,1.0,114.0,1.0,118.5,1.0,113.75,1.0,118.6,1.0,113.0,1.0,118.65,1.0,111.0,8.0,120.0,1.0
288,Germany_Baseload#19#0#10000106,2021-10-28 07:00:29.166000,114.85,1.0,114.9,3.0,114.8,1.0,115.0,2.0,114.5,1.0,115.5,1.0,114.47,2.0,115.7,1.0,114.28,1.0,115.9,1.0,114.25,1.0,116.3,1.0,114.0,1.0,118.5,1.0,113.75,1.0,118.6,1.0,113.0,1.0,118.65,1.0,111.0,8.0,120.0,1.0
289,Germany_Baseload#19#0#10000106,2021-10-28 07:00:29.238000,114.85,1.0,114.9,3.0,114.8,1.0,115.0,2.0,114.5,1.0,115.5,1.0,114.47,2.0,115.7,1.0,114.27,1.0,115.9,1.0,114.25,1.0,116.3,1.0,114.0,1.0,118.5,1.0,113.75,1.0,118.6,1.0,113.0,1.0,118.65,1.0,111.0,8.0,120.0,1.0
290,Germany_Baseload#19#0#10000106,2021-10-28 07:00:29.438000,114.85,1.0,114.9,3.0,114.8,1.0,115.0,2.0,114.5,1.0,115.5,1.0,114.47,2.0,115.7,1.0,114.26,1.0,115.9,1.0,114.25,1.0,116.3,1.0,114.0,1.0,118.5,1.0,113.75,1.0,118.6,1.0,113.0,1.0,118.65,1.0,111.0,8.0,120.0,1.0
291,Germany_Baseload#19#0#10000106,2021-10-28 07:00:29.631000,114.85,1.0,114.9,3.0,114.8,1.0,115.0,2.0,114.5,1.0,115.5,1.0,114.47,2.0,115.7,1.0,114.25,2.0,115.9,1.0,114.0,1.0,116.3,1.0,113.75,1.0,118.5,1.0,113.0,1.0,118.6,1.0,111.0,8.0,118.65,1.0,110.6,1.0,120.0,1.0
292,Germany_Baseload#19#0#10000106,2021-10-28 07:00:29.833000,114.85,1.0,114.9,3.0,114.8,1.0,115.0,2.0,114.5,1.0,115.5,1.0,114.47,2.0,115.7,1.0,114.25,1.0,115.9,1.0,114.24,1.0,116.3,1.0,114.0,1.0,118.5,1.0,113.75,1.0,118.6,1.0,113.0,1.0,118.65,1.0,111.0,8.0,120.0,1.0
293,Germany_Baseload#19#0#10000106,2021-10-28 07:00:30.045000,114.85,1.0,114.9,3.0,114.8,1.0,115.0,2.0,114.5,1.0,115.5,1.0,114.47,2.0,115.7,1.0,114.25,1.0,115.9,1.0,114.23,1.0,116.3,1.0,114.0,1.0,118.5,1.0,113.75,1.0,118.6,1.0,113.0,1.0,118.65,1.0,111.0,8.0,120.0,1.0
294,Germany_Baseload#19#0#10000106,2021-10-28 07:00:30.234000,114.85,1.0,114.9,3.0,114.8,1.0,115.0,2.0,114.5,1.0,115.5,1.0,114.47,2.0,115.7,1.0,114.25,1.0,115.9,1.0,114.22,1.0,116.3,1.0,114.0,1.0,118.5,1.0,113.75,1.0,118.6,1.0,113.0,1.0,118.65,1.0,111.0,8.0,120.0,1.0
295,Germany_Baseload#19#0#10000106,2021-10-28 07:00:30.433000,114.85,1.0,114.9,3.0,114.8,1.0,115.0,2.0,114.5,1.0,115.5,1.0,114.47,2.0,115.7,1.0,114.25,1.0,115.9,1.0,114.21,1.0,116.3,1.0,114.0,1.0,118.5,1.0,113.75,1.0,118.6,1.0,113.0,1.0,118.65,1.0,111.0,8.0,120.0,1.0
296,Germany_Baseload#19#0#10000106,2021-10-28 07:00:30.637000,114.85,1.0,114.9,3.0,114.8,1.0,115.0,2.0,114.5,1.0,115.5,1.0,114.47,2.0,115.7,1.0,114.25,1.0,115.9,1.0,114.2,1.0,116.3,1.0,114.0,1.0,118.5,1.0,113.75,1.0,118.6,1.0,113.0,1.0,118.65,1.0,111.0,8.0,120.0,1.0
297,Germany_Baseload#19#0#10000106,2021-10-28 07:00:30.830000,114.85,1.0,114.9,3.0,114.8,1.0,115.0,2.0,114.5,1.0,115.5,1.0,114.47,2.0,115.7,1.0,114.25,1.0,115.9,1.0,114.19,1.0,116.3,1.0,114.0,1.0,118.5,1.0,113.75,1.0,118.6,1.0,113.0,1.0,118.65,1.0,111.0,8.0,120.0,1.0
298,Germany_Baseload#19#0#10000106,2021-10-28 07:00:31.032000,114.85,1.0,114.9,3.0,114.8,1.0,115.0,2.0,114.5,1.0,115.5,1.0,114.47,2.0,115.7,1.0,114.25,1.0,115.9,1.0,114.18,1.0,116.3,1.0,114.0,1.0,118.5,1.0,113.75,1.0,118.6,1.0,113.0,1.0,118.65,1.0,111.0,8.0,120.0,1.0
299,Germany_Baseload#19#0#10000106,2021-10-28 07:00:31.234000,114.85,1.0,114.9,3.0,114.8,1.0,115.0,2.0,114.5,1.0,115.5,1.0,114.47,2.0,115.7,1.0,114.25,1.0,115.9,1.0,114.18,1.0,116.3,1.0,114.17,1.0,118.5,1.0,114.0,1.0,118.6,1.0,113.75,1.0,118.65,1.0,113.0,1.0,120.0,1.0
300,Germany_Baseload#19#0#10000106,2021-10-28 07:00:31.235000,114.85,1.0,114.9,3.0,114.8,1.0,115.0,2.0,114.5,1.0,115.5,1.0,114.47,2.0,115.7,1.0,114.25,1.0,115.9,1.0,114.17,1.0,116.3,1.0,114.0,1.0,118.5,1.0,113.75,1.0,118.6,1.0,113.0,1.0,118.65,1.0,111.0,8.0,120.0,1.0
301,Germany_Baseload#19#0#10000106,2021-10-28 07:00:31.437000,114.85,1.0,114.9,3.0,114.8,1.0,115.0,2.0,114.5,1.0,115.5,1.0,114.47,2.0,115.7,1.0,114.25,1.0,115.9,1.0,114.16,1.0,116.3,1.0,114.0,1.0,118.5,1.0,113.75,1.0,118.6,1.0,113.0,1.0,118.65,1.0,111.0,8.0,120.0,1.0
302,Germany_Baseload#19#0#10000106,2021-10-28 07:00:31.636000,114.85,1.0,114.9,3.0,114.8,1.0,115.0,2.0,114.5,1.0,115.5,1.0,114.47,2.0,115.7,1.0,114.25,1.0,115.9,1.0,114.15,1.0,116.3,1.0,114.0,1.0,118.5,1.0,113.75,1.0,118.6,1.0,113.0,1.0,118.65,1.0,111.0,8.0,120.0,1.0
303,Germany_Baseload#19#0#10000106,2021-10-28 07:00:31.839000,114.85,1.0,114.9,3.0,114.8,1.0,115.0,2.0,114.5,1.0,115.5,1.0,114.47,2.0,115.7,1.0,114.25,1.0,115.9,1.0,114.14,1.0,116.3,1.0,114.0,1.0,118.5,1.0,113.75,1.0,118.6,1.0,113.0,1.0,118.65,1.0,111.0,8.0,120.0,1.0
304,Germany_Baseload#19#0#10000106,2021-10-28 07:00:32.037000,114.85,1.0,114.9,3.0,114.8,1.0,115.0,2.0,114.5,1.0,115.5,1.0,114.47,2.0,115.7,1.0,114.25,1.0,115.9,1.0,114.13,1.0,116.3,1.0,114.0,1.0,118.5,1.0,113.75,1.0,118.6,1.0,113.0,1.0,118.65,1.0,111.0,8.0,120.0,1.0
305,Germany_Baseload#19#0#10000106,2021-10-28 07:00:32.234000,114.85,1.0,114.9,3.0,114.8,1.0,115.0,2.0,114.5,1.0,115.5,1.0,114.47,2.0,115.7,1.0,114.25,1.0,115.9,1.0,114.12,1.0,116.3,1.0,114.0,1.0,118.5,1.0,113.75,1.0,118.6,1.0,113.0,1.0,118.65,1.0,111.0,8.0,120.0,1.0
306,Germany_Baseload#19#0#10000106,2021-10-28 07:00:32.433000,114.85,1.0,114.9,3.0,114.8,1.0,115.0,2.0,114.5,1.0,115.5,1.0,114.47,2.0,115.7,1.0,114.25,1.0,115.9,1.0,114.11,1.0,116.3,1.0,114.0,1.0,118.5,1.0,113.75,1.0,118.6,1.0,113.0,1.0,118.65,1.0,111.0,8.0,120.0,1.0
307,Germany_Baseload#19#0#10000106,2021-10-28 07:00:32.635000,114.85,1.0,114.9,3.0,114.8,1.0,115.0,2.0,114.5,1.0,115.5,1.0,114.47,2.0,115.7,1.0,114.25,1.0,115.9,1.0,114.11,1.0,116.3,1.0,114.1,1.0,118.5,1.0,114.0,1.0,118.6,1.0,113.75,1.0,118.65,1.0,113.0,1.0,120.0,1.0
308,Germany_Baseload#19#0#10000106,2021-10-28 07:00:32.636000,114.85,1.0,114.9,3.0,114.8,1.0,115.0,2.0,114.5,1.0,115.5,1.0,114.47,2.0,115.7,1.0,114.25,1.0,115.9,1.0,114.1,1.0,116.3,1.0,114.0,1.0,118.5,1.0,113.75,1.0,118.6,1.0,113.0,1.0,118.65,1.0,111.0,8.0,120.0,1.0
309,Germany_Baseload#19#0#10000106,2021-10-28 07:00:32.836000,114.85,1.0,114.9,3.0,114.8,1.0,115.0,2.0,114.5,1.0,115.5,1.0,114.47,2.0,115.7,1.0,114.25,1.0,115.9,1.0,114.09,1.0,116.3,1.0,114.0,1.0,118.5,1.0,113.75,1.0,118.6,1.0,113.0,1.0,118.65,1.0,111.0,8.0,120.0,1.0
310,Germany_Baseload#19#0#10000106,2021-10-28 07:00:33.033000,114.85,1.0,114.9,3.0,114.8,1.0,115.0,2.0,114.5,1.0,115.5,1.0,114.47,2.0,115.7,1.0,114.25,1.0,115.9,1.0,114.08,1.0,116.3,1.0,114.0,1.0,118.5,1.0,113.75,1.0,118.6,1.0,113.0,1.0,118.65,1.0,111.0,8.0,120.0,1.0
311,Germany_Baseload#19#0#10000106,2021-10-28 07:00:33.236000,114.85,1.0,114.9,3.0,114.8,1.0,115.0,2.0,114.5,1.0,115.5,1.0,114.47,2.0,115.7,1.0,114.25,1.0,115.9,1.0,114.07,1.0,116.3,1.0,114.0,1.0,118.5,1.0,113.75,1.0,118.6,1.0,113.0,1.0,118.65,1.0,111.0,8.0,120.0,1.0
312,Germany_Baseload#19#0#10000106,2021-10-28 07:00:33.333000,114.85,1.0,114.85,2.0,114.8,1.0,114.9,3.0,114.5,1.0,115.0,2.0,114.47,2.0,115.5,1.0,114.25,1.0,115.7,1.0,114.07,1.0,115.9,1.0,114.0,1.0,116.3,1.0,113.75,1.0,118.5,1.0,113.0,1.0,118.6,1.0,111.0,8.0,118.65,1.0
313,Germany_Baseload#19#0#10000106,2021-10-28 07:00:33.439000,114.85,1.0,114.85,2.0,114.8,1.0,114.9,3.0,114.5,1.0,115.0,2.0,114.47,2.0,115.5,1.0,114.25,1.0,115.7,1.0,114.06,1.0,115.9,1.0,114.0,1.0,116.3,1.0,113.75,1.0,118.5,1.0,113.0,1.0,118.6,1.0,111.0,8.0,118.65,1.0
314,Germany_Baseload#19#0#10000106,2021-10-28 07:00:33.630000,114.85,1.0,114.85,2.0,114.8,1.0,114.9,3.0,114.5,1.0,115.0,2.0,114.47,2.0,115.5,1.0,114.25,1.0,115.7,1.0,114.05,1.0,115.9,1.0,114.0,1.0,116.3,1.0,113.75,1.0,118.5,1.0,113.0,1.0,118.6,1.0,111.0,8.0,118.65,1.0
315,Germany_Baseload#19#0#10000106,2021-10-28 07:00:33.840000,114.85,1.0,114.85,2.0,114.8,1.0,114.9,3.0,114.5,1.0,115.0,2.0,114.47,2.0,115.5,1.0,114.25,1.0,115.7,1.0,114.04,1.0,115.9,1.0,114.0,1.0,116.3,1.0,113.75,1.0,118.5,1.0,113.0,1.0,118.6,1.0,111.0,8.0,118.65,1.0
316,Germany_Baseload#19#0#10000106,2021-10-28 07:00:34.033000,114.85,1.0,114.85,2.0,114.8,1.0,114.9,3.0,114.5,1.0,115.0,2.0,114.47,2.0,115.5,1.0,114.25,1.0,115.7,1.0,114.04,1.0,115.9,1.0,114.03,1.0,116.3,1.0,114.0,1.0,118.5,1.0,113.75,1.0,118.6,1.0,113.0,1.0,118.65,1.0
317,Germany_Baseload#19#0#10000106,2021-10-28 07:00:34.034000,114.85,1.0,114.85,2.0,114.8,1.0,114.9,3.0,114.5,1.0,115.0,2.0,114.47,2.0,115.5,1.0,114.25,1.0,115.7,1.0,114.03,1.0,115.9,1.0,114.0,1.0,116.3,1.0,113.75,1.0,118.5,1.0,113.0,1.0,118.6,1.0,111.0,8.0,118.65,1.0
318,Germany_Baseload#19#0#10000106,2021-10-28 07:00:34.233000,114.85,1.0,114.85,2.0,114.8,1.0,114.9,3.0,114.5,1.0,115.0,2.0,114.47,2.0,115.5,1.0,114.25,1.0,115.7,1.0,114.02,1.0,115.9,1.0,114.0,1.0,116.3,1.0,113.75,1.0,118.5,1.0,113.0,1.0,118.6,1.0,111.0,8.0,118.65,1.0
319,Germany_Baseload#19#0#10000106,2021-10-28 07:00:34.443000,114.85,1.0,114.85,2.0,114.8,1.0,114.9,3.0,114.5,1.0,115.0,2.0,114.47,2.0,115.5,1.0,114.25,1.0,115.7,1.0,114.01,1.0,115.9,1.0,114.0,1.0,116.3,1.0,113.75,1.0,118.5,1.0,113.0,1.0,118.6,1.0,111.0,8.0,118.65,1.0
320,Germany_Baseload#19#0#10000106,2021-10-28 07:00:34.639000,114.85,1.0,114.85,2.0,114.8,1.0,114.9,3.0,114.5,1.0,115.0,2.0,114.47,2.0,115.5,1.0,114.25,1.0,115.7,1.0,114.0,1.0,115.9,1.0,113.75,1.0,116.3,1.0,113.0,1.0,118.5,1.0,111.0,8.0,118.6,1.0,110.6,1.0,118.65,1.0
321,Germany_Baseload#19#0#10000106,2021-10-28 07:00:34.837000,114.85,1.0,114.85,2.0,114.8,1.0,114.9,3.0,114.5,1.0,115.0,2.0,114.47,2.0,115.5,1.0,114.25,1.0,115.7,1.0,114.0,1.0,115.9,1.0,113.99,1.0,116.3,1.0,113.75,1.0,118.5,1.0,113.0,1.0,118.6,1.0,111.0,8.0,118.65,1.0
322,Germany_Baseload#19#0#10000106,2021-10-28 07:00:34.988000,114.85,1.0,114.85,3.0,114.8,1.0,114.9,3.0,114.5,1.0,115.0,2.0,114.47,2.0,115.5,1.0,114.25,1.0,115.7,1.0,114.0,1.0,115.9,1.0,113.99,1.0,116.3,1.0,113.75,1.0,118.5,1.0,113.0,1.0,118.6,1.0,111.0,8.0,118.65,1.0
323,Germany_Baseload#19#0#10000106,2021-10-28 07:00:35.037000,114.85,1.0,114.85,3.0,114.8,1.0,114.9,3.0,114.5,1.0,115.0,2.0,114.47,2.0,115.5,1.0,114.25,1.0,115.7,1.0,114.0,1.0,115.9,1.0,113.98,1.0,116.3,1.0,113.75,1.0,118.5,1.0,113.0,1.0,118.6,1.0,111.0,8.0,118.65,1.0
324,Germany_Baseload#19#0#10000106,2021-10-28 07:00:35.336000,114.8,1.0,114.85,3.0,114.5,1.0,114.9,3.0,114.47,2.0,115.0,2.0,114.25,1.0,115.5,1.0,114.0,1.0,115.7,1.0,113.98,1.0,115.9,1.0,113.75,1.0,116.3,1.0,113.0,1.0,118.5,1.0,111.0,8.0,118.6,1.0,110.6,1.0,118.65,1.0
325,Germany_Baseload#19#0#10000106,2021-10-28 07:00:36.676000,114.8,1.0,114.85,3.0,114.5,1.0,114.9,3.0,114.47,2.0,115.0,2.0,114.0,1.0,115.5,1.0,113.98,1.0,115.7,1.0,113.75,1.0,115.9,1.0,113.0,1.0,116.3,1.0,111.0,8.0,118.5,1.0,110.6,1.0,118.6,1.0,110.5,2.0,118.65,1.0
326,Germany_Baseload#19#0#10000106,2021-10-28 07:00:37.839000,114.8,1.0,114.8,1.0,114.5,1.0,114.85,3.0,114.47,2.0,114.9,3.0,114.0,1.0,115.0,2.0,113.98,1.0,115.5,1.0,113.75,1.0,115.7,1.0,113.0,1.0,115.9,1.0,111.0,8.0,116.3,1.0,110.6,1.0,118.5,1.0,110.5,2.0,118.6,1.0
327,Germany_Baseload#19#0#10000106,2021-10-28 07:00:38.894000,114.5,1.0,114.8,1.0,114.47,2.0,114.85,3.0,114.0,1.0,114.9,3.0,113.98,1.0,115.0,2.0,113.75,1.0,115.5,1.0,113.0,1.0,115.7,1.0,111.0,8.0,115.9,1.0,110.6,1.0,116.3,1.0,110.5,2.0,118.5,1.0,103.0,1.0,118.6,1.0
328,Germany_Baseload#19#0#10000106,2021-10-28 07:00:39.990000,114.5,1.0,114.85,3.0,114.47,2.0,114.9,3.0,114.0,1.0,115.0,2.0,113.98,1.0,115.5,1.0,113.75,1.0,115.7,1.0,113.0,1.0,115.9,1.0,111.0,8.0,116.3,1.0,110.6,1.0,118.5,1.0,110.5,2.0,118.6,1.0,103.0,1.0,118.65,1.0
329,Germany_Baseload#19#0#10000106,2021-10-28 07:00:41.929000,114.5,1.0,114.85,4.0,114.47,2.0,114.9,3.0,114.0,1.0,115.0,2.0,113.98,1.0,115.5,1.0,113.75,1.0,115.7,1.0,113.0,1.0,115.9,1.0,111.0,8.0,116.3,1.0,110.6,1.0,118.5,1.0,110.5,2.0,118.6,1.0,103.0,1.0,118.65,1.0
330,Germany_Baseload#19#0#10000106,2021-10-28 07:00:44.009000,114.5,1.0,114.85,3.0,114.47,2.0,114.9,3.0,114.0,1.0,115.0,2.0,113.98,1.0,115.5,1.0,113.75,1.0,115.7,1.0,113.0,1.0,115.9,1.0,111.0,8.0,116.3,1.0,110.6,1.0,118.5,1.0,110.5,2.0,118.6,1.0,103.0,1.0,118.65,1.0
331,Germany_Baseload#19#0#10000106,2021-10-28 07:00:44.109000,114.5,1.0,114.85,3.0,114.47,2.0,114.9,3.0,114.0,1.0,115.0,2.0,113.98,1.0,115.5,1.0,113.97,1.0,115.7,1.0,113.75,1.0,115.9,1.0,113.0,1.0,116.3,1.0,111.0,8.0,118.5,1.0,110.6,1.0,118.6,1.0,110.5,2.0,118.65,1.0
332,Germany_Baseload#19#0#10000106,2021-10-28 07:00:44.110000,114.5,1.0,114.85,3.0,114.47,2.0,114.9,3.0,114.0,1.0,115.0,2.0,113.97,1.0,115.5,1.0,113.75,1.0,115.7,1.0,113.0,1.0,115.9,1.0,111.0,8.0,116.3,1.0,110.6,1.0,118.5,1.0,110.5,2.0,118.6,1.0,103.0,1.0,118.65,1.0
333,Germany_Baseload#19#0#10000106,2021-10-28 07:00:44.305000,114.5,1.0,114.85,3.0,114.47,2.0,114.9,3.0,114.0,1.0,115.0,2.0,113.96,1.0,115.5,1.0,113.75,1.0,115.7,1.0,113.0,1.0,115.9,1.0,111.0,8.0,116.3,1.0,110.6,1.0,118.5,1.0,110.5,2.0,118.6,1.0,103.0,1.0,118.65,1.0
334,Germany_Baseload#19#0#10000106,2021-10-28 07:00:44.504000,114.5,1.0,114.85,3.0,114.47,2.0,114.9,3.0,114.0,1.0,115.0,2.0,113.95,1.0,115.5,1.0,113.75,1.0,115.7,1.0,113.0,1.0,115.9,1.0,111.0,8.0,116.3,1.0,110.6,1.0,118.5,1.0,110.5,2.0,118.6,1.0,103.0,1.0,118.65,1.0
335,Germany_Baseload#19#0#10000106,2021-10-28 07:00:44.709000,114.5,1.0,114.85,3.0,114.47,2.0,114.9,3.0,114.0,1.0,115.0,2.0,113.94,1.0,115.5,1.0,113.75,1.0,115.7,1.0,113.0,1.0,115.9,1.0,111.0,8.0,116.3,1.0,110.6,1.0,118.5,1.0,110.5,2.0,118.6,1.0,103.0,1.0,118.65,1.0
336,Germany_Baseload#19#0#10000106,2021-10-28 07:00:44.902000,114.5,1.0,114.85,3.0,114.47,2.0,114.9,3.0,114.0,1.0,115.0,2.0,113.93,1.0,115.5,1.0,113.75,1.0,115.7,1.0,113.0,1.0,115.9,1.0,111.0,8.0,116.3,1.0,110.6,1.0,118.5,1.0,110.5,2.0,118.6,1.0,103.0,1.0,118.65,1.0
337,Germany_Baseload#19#0#10000106,2021-10-28 07:00:45.104000,114.5,1.0,114.85,3.0,114.47,2.0,114.9,3.0,114.0,1.0,115.0,2.0,113.93,1.0,115.5,1.0,113.92,1.0,115.7,1.0,113.75,1.0,115.9,1.0,113.0,1.0,116.3,1.0,111.0,8.0,118.5,1.0,110.6,1.0,118.6,1.0,110.5,2.0,118.65,1.0
338,Germany_Baseload#19#0#10000106,2021-10-28 07:00:45.105000,114.5,1.0,114.85,3.0,114.47,2.0,114.9,3.0,114.0,1.0,115.0,2.0,113.92,1.0,115.5,1.0,113.75,1.0,115.7,1.0,113.0,1.0,115.9,1.0,111.0,8.0,116.3,1.0,110.6,1.0,118.5,1.0,110.5,2.0,118.6,1.0,103.0,1.0,118.65,1.0
339,Germany_Baseload#19#0#10000106,2021-10-28 07:00:45.312000,114.5,1.0,114.85,3.0,114.47,2.0,114.9,3.0,114.0,1.0,115.0,2.0,113.91,1.0,115.5,1.0,113.75,1.0,115.7,1.0,113.0,1.0,115.9,1.0,111.0,8.0,116.3,1.0,110.6,1.0,118.5,1.0,110.5,2.0,118.6,1.0,103.0,1.0,118.65,1.0
340,Germany_Baseload#19#0#10000106,2021-10-28 07:00:45.507000,114.5,1.0,114.85,3.0,114.47,2.0,114.9,3.0,114.0,1.0,115.0,2.0,113.91,1.0,115.5,1.0,113.9,1.0,115.7,1.0,113.75,1.0,115.9,1.0,113.0,1.0,116.3,1.0,111.0,8.0,118.5,1.0,110.6,1.0,118.6,1.0,110.5,2.0,118.65,1.0
341,Germany_Baseload#19#0#10000106,2021-10-28 07:00:45.508000,114.5,1.0,114.85,3.0,114.47,2.0,114.9,3.0,114.0,1.0,115.0,2.0,113.9,1.0,115.5,1.0,113.75,1.0,115.7,1.0,113.0,1.0,115.9,1.0,111.0,8.0,116.3,1.0,110.6,1.0,118.5,1.0,110.5,2.0,118.6,1.0,103.0,1.0,118.65,1.0
342,Germany_Baseload#19#0#10000106,2021-10-28 07:00:45.702000,114.5,1.0,114.85,3.0,114.47,2.0,114.9,3.0,114.0,1.0,115.0,2.0,113.89,1.0,115.5,1.0,113.75,1.0,115.7,1.0,113.0,1.0,115.9,1.0,111.0,8.0,116.3,1.0,110.6,1.0,118.5,1.0,110.5,2.0,118.6,1.0,103.0,1.0,118.65,1.0
343,Germany_Baseload#19#0#10000106,2021-10-28 07:00:45.903000,114.5,1.0,114.85,3.0,114.47,2.0,114.9,3.0,114.0,1.0,115.0,2.0,113.88,1.0,115.5,1.0,113.75,1.0,115.7,1.0,113.0,1.0,115.9,1.0,111.0,8.0,116.3,1.0,110.6,1.0,118.5,1.0,110.5,2.0,118.6,1.0,103.0,1.0,118.65,1.0
344,Germany_Baseload#19#0#10000106,2021-10-28 07:00:46.103000,114.5,1.0,114.85,3.0,114.47,2.0,114.9,3.0,114.0,1.0,115.0,2.0,113.87,1.0,115.5,1.0,113.75,1.0,115.7,1.0,113.0,1.0,115.9,1.0,111.0,8.0,116.3,1.0,110.6,1.0,118.5,1.0,110.5,2.0,118.6,1.0,103.0,1.0,118.65,1.0
345,Germany_Baseload#19#0#10000106,2021-10-28 07:00:46.306000,114.5,1.0,114.85,3.0,114.47,2.0,114.9,3.0,114.0,1.0,115.0,2.0,113.86,1.0,115.5,1.0,113.75,1.0,115.7,1.0,113.0,1.0,115.9,1.0,111.0,8.0,116.3,1.0,110.6,1.0,118.5,1.0,110.5,2.0,118.6,1.0,103.0,1.0,118.65,1.0
346,Germany_Baseload#19#0#10000106,2021-10-28 07:00:46.502000,114.5,1.0,114.85,3.0,114.47,2.0,114.9,3.0,114.0,1.0,115.0,2.0,113.85,1.0,115.5,1.0,113.75,1.0,115.7,1.0,113.0,1.0,115.9,1.0,111.0,8.0,116.3,1.0,110.6,1.0,118.5,1.0,110.5,2.0,118.6,1.0,103.0,1.0,118.65,1.0
347,Germany_Baseload#19#0#10000106,2021-10-28 07:00:46.624000,114.5,1.0,114.75,1.0,114.47,2.0,114.85,3.0,114.0,1.0,114.9,3.0,113.85,1.0,115.0,2.0,113.75,1.0,115.5,1.0,113.0,1.0,115.7,1.0,111.0,8.0,115.9,1.0,110.6,1.0,116.3,1.0,110.5,2.0,118.5,1.0,103.0,1.0,118.6,1.0
348,Germany_Baseload#19#0#10000106,2021-10-28 07:00:46.701000,114.5,1.0,114.75,1.0,114.47,2.0,114.85,3.0,114.0,1.0,114.9,3.0,113.84,1.0,115.0,2.0,113.75,1.0,115.5,1.0,113.0,1.0,115.7,1.0,111.0,8.0,115.9,1.0,110.6,1.0,116.3,1.0,110.5,2.0,118.5,1.0,103.0,1.0,118.6,1.0
349,Germany_Baseload#19#0#10000106,2021-10-28 07:00:50.298000,114.5,1.0,114.85,3.0,114.47,2.0,114.9,3.0,114.0,1.0,115.0,2.0,113.84,1.0,115.5,1.0,113.75,1.0,115.7,1.0,113.0,1.0,115.9,1.0,111.0,8.0,116.3,1.0,110.6,1.0,118.5,1.0,110.5,2.0,118.6,1.0,103.0,1.0,118.65,1.0
350,Germany_Baseload#19#0#10000106,2021-10-28 07:00:50.390000,114.5,1.0,114.85,3.0,114.47,2.0,114.9,3.0,114.0,1.0,115.0,2.0,113.83,1.0,115.5,1.0,113.75,1.0,115.7,1.0,113.0,1.0,115.9,1.0,111.0,8.0,116.3,1.0,110.6,1.0,118.5,1.0,110.5,2.0,118.6,1.0,103.0,1.0,118.65,1.0
351,Germany_Baseload#19#0#10000106,2021-10-28 07:00:50.594000,114.5,1.0,114.85,3.0,114.47,2.0,114.9,3.0,114.0,1.0,115.0,2.0,113.75,1.0,115.5,1.0,113.0,1.0,115.7,1.0,111.0,8.0,115.9,1.0,110.6,1.0,116.3,1.0,110.5,2.0,118.5,1.0,103.0,1.0,118.6,1.0,60.0,1.0,118.65,1.0
352,Germany_Baseload#19#0#10000106,2021-10-28 07:00:50.793000,114.5,1.0,114.85,3.0,114.47,2.0,114.9,3.0,114.0,1.0,115.0,2.0,113.81,1.0,115.5,1.0,113.75,1.0,115.7,1.0,113.0,1.0,115.9,1.0,111.0,8.0,116.3,1.0,110.6,1.0,118.5,1.0,110.5,2.0,118.6,1.0,103.0,1.0,118.65,1.0
353,Germany_Baseload#19#0#10000106,2021-10-28 07:00:50.987000,114.5,1.0,114.85,3.0,114.47,2.0,114.9,3.0,114.0,1.0,115.0,2.0,113.8,1.0,115.5,1.0,113.75,1.0,115.7,1.0,113.0,1.0,115.9,1.0,111.0,8.0,116.3,1.0,110.6,1.0,118.5,1.0,110.5,2.0,118.6,1.0,103.0,1.0,118.65,1.0
354,Germany_Baseload#19#0#10000106,2021-10-28 07:00:51.189000,114.5,1.0,114.85,3.0,114.47,2.0,114.9,3.0,114.0,1.0,115.0,2.0,113.79,1.0,115.5,1.0,113.75,1.0,115.7,1.0,113.0,1.0,115.9,1.0,111.0,8.0,116.3,1.0,110.6,1.0,118.5,1.0,110.5,2.0,118.6,1.0,103.0,1.0,118.65,1.0
355,Germany_Baseload#19#0#10000106,2021-10-28 07:00:51.395000,114.5,1.0,114.85,3.0,114.47,2.0,114.9,3.0,114.0,1.0,115.0,2.0,113.78,1.0,115.5,1.0,113.75,1.0,115.7,1.0,113.0,1.0,115.9,1.0,111.0,8.0,116.3,1.0,110.6,1.0,118.5,1.0,110.5,2.0,118.6,1.0,103.0,1.0,118.65,1.0
356,Germany_Baseload#19#0#10000106,2021-10-28 07:00:51.595000,114.5,1.0,114.85,3.0,114.47,2.0,114.9,3.0,114.0,1.0,115.0,2.0,113.77,1.0,115.5,1.0,113.75,1.0,115.7,1.0,113.0,1.0,115.9,1.0,111.0,8.0,116.3,1.0,110.6,1.0,118.5,1.0,110.5,2.0,118.6,1.0,103.0,1.0,118.65,1.0
357,Germany_Baseload#19#0#10000106,2021-10-28 07:00:51.786000,114.5,1.0,114.85,3.0,114.47,2.0,114.9,3.0,114.0,1.0,115.0,2.0,113.76,1.0,115.5,1.0,113.75,1.0,115.7,1.0,113.0,1.0,115.9,1.0,111.0,8.0,116.3,1.0,110.6,1.0,118.5,1.0,110.5,2.0,118.6,1.0,103.0,1.0,118.65,1.0
358,Germany_Baseload#19#0#10000106,2021-10-28 07:00:51.997000,114.5,1.0,114.85,3.0,114.47,2.0,114.9,3.0,114.0,1.0,115.0,2.0,113.76,1.0,115.5,1.0,113.75,2.0,115.7,1.0,113.0,1.0,115.9,1.0,111.0,8.0,116.3,1.0,110.6,1.0,118.5,1.0,110.5,2.0,118.6,1.0,103.0,1.0,118.65,1.0
359,Germany_Baseload#19#0#10000106,2021-10-28 07:00:51.998000,114.5,1.0,114.85,3.0,114.47,2.0,114.9,3.0,114.0,1.0,115.0,2.0,113.75,2.0,115.5,1.0,113.0,1.0,115.7,1.0,111.0,8.0,115.9,1.0,110.6,1.0,116.3,1.0,110.5,2.0,118.5,1.0,103.0,1.0,118.6,1.0,60.0,1.0,118.65,1.0
360,Germany_Baseload#19#0#10000106,2021-10-28 07:00:52.196000,114.5,1.0,114.85,3.0,114.47,2.0,114.9,3.0,114.0,1.0,115.0,2.0,113.75,1.0,115.5,1.0,113.74,1.0,115.7,1.0,113.0,1.0,115.9,1.0,111.0,8.0,116.3,1.0,110.6,1.0,118.5,1.0,110.5,2.0,118.6,1.0,103.0,1.0,118.65,1.0
361,Germany_Baseload#19#0#10000106,2021-10-28 07:00:53.130000,114.5,1.0,114.85,3.0,114.47,2.0,114.9,3.0,114.0,1.0,115.0,2.0,113.85,1.0,115.5,1.0,113.75,1.0,115.7,1.0,113.74,1.0,115.9,1.0,113.0,1.0,116.3,1.0,111.0,8.0,118.5,1.0,110.6,1.0,118.6,1.0,110.5,2.0,118.65,1.0
362,Germany_Baseload#19#0#10000106,2021-10-28 07:00:53.223000,114.5,1.0,114.85,3.0,114.47,2.0,114.9,3.0,114.0,1.0,115.0,2.0,113.85,1.0,115.5,1.0,113.84,1.0,115.7,1.0,113.75,1.0,115.9,1.0,113.74,1.0,116.3,1.0,113.0,1.0,118.5,1.0,111.0,8.0,118.6,1.0,110.6,1.0,118.65,1.0
363,Germany_Baseload#19#0#10000106,2021-10-28 07:00:53.224000,114.5,1.0,114.85,3.0,114.47,2.0,114.9,3.0,114.0,1.0,115.0,2.0,113.85,1.0,115.5,1.0,113.84,1.0,115.7,1.0,113.75,1.0,115.9,1.0,113.0,1.0,116.3,1.0,111.0,8.0,118.5,1.0,110.6,1.0,118.6,1.0,110.5,2.0,118.65,1.0
364,Germany_Baseload#19#0#10000106,2021-10-28 07:00:55.936000,114.5,1.0,114.85,3.0,114.47,2.0,114.9,2.0,114.0,1.0,115.0,2.0,113.85,1.0,115.5,1.0,113.84,1.0,115.7,1.0,113.75,1.0,115.9,1.0,113.0,1.0,116.3,1.0,111.0,8.0,118.5,1.0,110.6,1.0,118.6,1.0,110.5,2.0,118.65,1.0
365,Germany_Baseload#19#0#10000106,2021-10-28 07:00:56.195000,114.5,1.0,114.8,2.0,114.47,2.0,114.85,3.0,114.0,1.0,114.9,2.0,113.85,1.0,115.0,2.0,113.84,1.0,115.5,1.0,113.75,1.0,115.7,1.0,113.0,1.0,115.9,1.0,111.0,8.0,116.3,1.0,110.6,1.0,118.5,1.0,110.5,2.0,118.6,1.0
366,Germany_Baseload#19#0#10000106,2021-10-28 07:00:57.164000,114.5,1.0,114.75,1.0,114.47,2.0,114.8,2.0,114.0,1.0,114.85,3.0,113.85,1.0,114.9,2.0,113.84,1.0,115.0,2.0,113.75,1.0,115.5,1.0,113.0,1.0,115.7,1.0,111.0,8.0,115.9,1.0,110.6,1.0,116.3,1.0,110.5,2.0,118.5,1.0
367,Germany_Baseload#19#0#10000106,2021-10-28 07:00:57.256000,114.5,1.0,114.75,1.0,114.47,2.0,114.8,2.0,114.0,1.0,114.85,3.0,113.86,1.0,114.9,2.0,113.85,1.0,115.0,2.0,113.75,1.0,115.5,1.0,113.0,1.0,115.7,1.0,111.0,8.0,115.9,1.0,110.6,1.0,116.3,1.0,110.5,2.0,118.5,1.0
368,Germany_Baseload#19#0#10000106,2021-10-28 07:00:57.684000,114.5,1.0,114.75,1.0,114.47,2.0,114.8,1.0,114.0,1.0,114.85,3.0,113.86,1.0,114.9,2.0,113.85,1.0,115.0,2.0,113.75,1.0,115.5,1.0,113.0,1.0,115.7,1.0,111.0,8.0,115.9,1.0,110.6,1.0,116.3,1.0,110.5,2.0,118.5,1.0
369,Germany_Baseload#19#0#10000106,2021-10-28 07:01:00.193000,114.5,1.0,114.8,3.0,114.47,2.0,114.85,3.0,114.0,1.0,114.9,2.0,113.86,1.0,115.0,2.0,113.85,1.0,115.5,1.0,113.75,1.0,115.7,1.0,113.0,1.0,115.9,1.0,111.0,8.0,116.3,1.0,110.6,1.0,118.5,1.0,110.5,2.0,118.6,1.0
370,Germany_Baseload#19#0#10000106,2021-10-28 07:01:01.103000,114.55,1.0,114.8,3.0,114.47,2.0,114.85,3.0,114.0,1.0,114.9,2.0,113.86,1.0,115.0,2.0,113.85,1.0,115.5,1.0,113.75,1.0,115.7,1.0,113.0,1.0,115.9,1.0,111.0,8.0,116.3,1.0,110.6,1.0,118.5,1.0,110.5,2.0,118.6,1.0
371,Germany_Baseload#19#0#10000106,2021-10-28 07:01:01.134000,114.55,1.0,114.8,3.0,114.52,2.0,114.85,3.0,114.0,1.0,114.9,2.0,113.86,1.0,115.0,2.0,113.85,1.0,115.5,1.0,113.75,1.0,115.7,1.0,113.0,1.0,115.9,1.0,111.0,8.0,116.3,1.0,110.6,1.0,118.5,1.0,110.5,2.0,118.6,1.0
372,Germany_Baseload#19#0#10000106,2021-10-28 07:01:01.139000,114.55,1.0,114.8,3.0,114.47,1.0,114.85,3.0,114.0,1.0,114.9,2.0,113.86,1.0,115.0,2.0,113.85,1.0,115.5,1.0,113.75,1.0,115.7,1.0,113.0,1.0,115.9,1.0,111.0,8.0,116.3,1.0,110.6,1.0,118.5,1.0,110.5,2.0,118.6,1.0
373,Germany_Baseload#19#0#10000106,2021-10-28 07:01:01.142000,114.55,1.0,114.8,3.0,114.0,1.0,114.85,3.0,113.86,1.0,114.9,2.0,113.85,1.0,115.0,2.0,113.75,1.0,115.5,1.0,113.0,1.0,115.7,1.0,111.0,8.0,115.9,1.0,110.6,1.0,116.3,1.0,110.5,2.0,118.5,1.0,103.0,1.0,118.6,1.0
374,Germany_Baseload#19#0#10000106,2021-10-28 07:01:02.563000,114.55,1.0,114.8,3.0,114.52,2.0,114.85,3.0,114.5,1.0,114.9,2.0,114.0,1.0,115.0,2.0,113.86,1.0,115.5,1.0,113.85,1.0,115.7,1.0,113.75,1.0,115.9,1.0,113.0,1.0,116.3,1.0,111.0,8.0,118.5,1.0,110.6,1.0,118.6,1.0
375,Germany_Baseload#19#0#10000106,2021-10-28 07:01:02.669000,114.55,1.0,114.8,3.0,114.52,2.0,114.85,3.0,114.51,1.0,114.9,2.0,114.5,1.0,115.0,2.0,114.0,1.0,115.5,1.0,113.85,1.0,115.7,1.0,113.75,1.0,115.9,1.0,113.0,1.0,116.3,1.0,111.0,8.0,118.5,1.0,110.6,1.0,118.6,1.0
376,Germany_Baseload#19#0#10000106,2021-10-28 07:01:02.806000,114.6,1.0,114.8,3.0,114.52,2.0,114.85,3.0,114.51,1.0,114.9,2.0,114.5,1.0,115.0,2.0,114.0,1.0,115.5,1.0,113.85,1.0,115.7,1.0,113.75,1.0,115.9,1.0,113.0,1.0,116.3,1.0,111.0,8.0,118.5,1.0,110.6,1.0,118.6,1.0
377,Germany_Baseload#19#0#10000106,2021-10-28 07:01:02.850000,114.6,1.0,114.8,3.0,114.52,1.0,114.85,3.0,114.51,1.0,114.9,2.0,114.5,1.0,115.0,2.0,114.0,1.0,115.5,1.0,113.85,1.0,115.7,1.0,113.75,1.0,115.9,1.0,113.0,1.0,116.3,1.0,111.0,8.0,118.5,1.0,110.6,1.0,118.6,1.0
378,Germany_Baseload#19#0#10000106,2021-10-28 07:01:02.852000,114.6,1.0,114.8,3.0,114.51,1.0,114.85,3.0,114.5,1.0,114.9,2.0,114.0,1.0,115.0,2.0,113.85,1.0,115.5,1.0,113.75,1.0,115.7,1.0,113.0,1.0,115.9,1.0,111.0,8.0,116.3,1.0,110.6,1.0,118.5,1.0,110.5,2.0,118.6,1.0
379,Germany_Baseload#19#0#10000106,2021-10-28 07:01:02.853000,114.6,1.0,114.8,3.0,114.57,2.0,114.85,3.0,114.51,1.0,114.9,2.0,114.5,1.0,115.0,2.0,114.0,1.0,115.5,1.0,113.85,1.0,115.7,1.0,113.75,1.0,115.9,1.0,113.0,1.0,116.3,1.0,111.0,8.0,118.5,1.0,110.6,1.0,118.6,1.0
380,Germany_Baseload#19#0#10000106,2021-10-28 07:01:03.916000,114.65,1.0,114.8,3.0,114.62,1.0,114.85,3.0,114.51,1.0,114.9,2.0,114.5,1.0,115.0,2.0,114.0,1.0,115.5,1.0,113.85,1.0,115.7,1.0,113.75,1.0,115.9,1.0,113.0,1.0,116.3,1.0,111.0,8.0,118.5,1.0,110.6,1.0,118.6,1.0
381,Germany_Baseload#19#0#10000106,2021-10-28 07:01:03.928000,114.65,1.0,114.8,3.0,114.57,1.0,114.85,3.0,114.51,1.0,114.9,2.0,114.5,1.0,115.0,2.0,114.0,1.0,115.5,1.0,113.85,1.0,115.7,1.0,113.75,1.0,115.9,1.0,113.0,1.0,116.3,1.0,111.0,8.0,118.5,1.0,110.6,1.0,118.6,1.0
382,Germany_Baseload#19#0#10000106,2021-10-28 07:01:03.928000,114.65,1.0,114.8,3.0,114.51,1.0,114.85,3.0,114.5,1.0,114.9,2.0,114.0,1.0,115.0,2.0,113.85,1.0,115.5,1.0,113.75,1.0,115.7,1.0,113.0,1.0,115.9,1.0,111.0,8.0,116.3,1.0,110.6,1.0,118.5,1.0,110.5,2.0,118.6,1.0
383,Germany_Baseload#19#0#10000106,2021-10-28 07:01:03.931000,114.65,1.0,114.8,3.0,114.62,2.0,114.85,3.0,114.51,1.0,114.9,2.0,114.5,1.0,115.0,2.0,114.0,1.0,115.5,1.0,113.85,1.0,115.7,1.0,113.75,1.0,115.9,1.0,113.0,1.0,116.3,1.0,111.0,8.0,118.5,1.0,110.6,1.0,118.6,1.0
384,Germany_Baseload#19#0#10000106,2021-10-28 07:01:03.900000,114.65,1.0,114.8,3.0,114.57,2.0,114.85,3.0,114.51,1.0,114.9,2.0,114.5,1.0,115.0,2.0,114.0,1.0,115.5,1.0,113.85,1.0,115.7,1.0,113.75,1.0,115.9,1.0,113.0,1.0,116.3,1.0,111.0,8.0,118.5,1.0,110.6,1.0,118.6,1.0
385,Germany_Baseload#19#0#10000106,2021-10-28 07:01:05.213000,114.75,1.0,114.8,3.0,114.65,1.0,114.85,3.0,114.62,2.0,114.9,2.0,114.51,1.0,115.0,2.0,114.5,1.0,115.5,1.0,114.0,1.0,115.7,1.0,113.85,1.0,115.9,1.0,113.75,1.0,116.3,1.0,113.0,1.0,118.5,1.0,111.0,8.0,118.6,1.0
386,Germany_Baseload#19#0#10000106,2021-10-28 07:01:06.338000,114.75,1.0,114.8,3.0,114.7,1.0,114.85,3.0,114.62,2.0,114.9,2.0,114.51,1.0,115.0,2.0,114.5,1.0,115.5,1.0,114.0,1.0,115.7,1.0,113.85,1.0,115.9,1.0,113.75,1.0,116.3,1.0,113.0,1.0,118.5,1.0,111.0,8.0,118.6,1.0
387,Germany_Baseload#19#0#10000106,2021-10-28 07:01:06.369000,114.75,1.0,114.8,3.0,114.7,1.0,114.85,3.0,114.67,2.0,114.9,2.0,114.51,1.0,115.0,2.0,114.5,1.0,115.5,1.0,114.0,1.0,115.7,1.0,113.85,1.0,115.9,1.0,113.75,1.0,116.3,1.0,113.0,1.0,118.5,1.0,111.0,8.0,118.6,1.0
388,Germany_Baseload#19#0#10000106,2021-10-28 07:01:06.372000,114.75,1.0,114.8,3.0,114.7,1.0,114.85,3.0,114.62,1.0,114.9,2.0,114.51,1.0,115.0,2.0,114.5,1.0,115.5,1.0,114.0,1.0,115.7,1.0,113.85,1.0,115.9,1.0,113.75,1.0,116.3,1.0,113.0,1.0,118.5,1.0,111.0,8.0,118.6,1.0
389,Germany_Baseload#19#0#10000106,2021-10-28 07:01:06.372000,114.75,1.0,114.8,3.0,114.7,1.0,114.85,3.0,114.51,1.0,114.9,2.0,114.5,1.0,115.0,2.0,114.0,1.0,115.5,1.0,113.85,1.0,115.7,1.0,113.75,1.0,115.9,1.0,113.0,1.0,116.3,1.0,111.0,8.0,118.5,1.0,110.6,1.0,118.6,1.0
390,Germany_Baseload#19#0#10000106,2021-10-28 07:01:07.135000,114.75,1.0,114.8,3.0,114.67,2.0,114.85,3.0,114.51,1.0,114.9,2.0,114.5,1.0,115.0,2.0,114.0,1.0,115.5,1.0,113.85,1.0,115.7,1.0,113.75,1.0,115.9,1.0,113.0,1.0,116.3,1.0,111.0,8.0,118.5,1.0,110.6,1.0,118.6,1.0
391,Germany_Baseload#19#0#10000106,2021-10-28 07:01:07.166000,114.75,2.0,114.8,3.0,114.72,2.0,114.85,3.0,114.51,1.0,114.9,2.0,114.5,1.0,115.0,2.0,114.0,1.0,115.5,1.0,113.85,1.0,115.7,1.0,113.75,1.0,115.9,1.0,113.0,1.0,116.3,1.0,111.0,8.0,118.5,1.0,110.6,1.0,118.6,1.0
392,Germany_Baseload#19#0#10000106,2021-10-28 07:01:07.169000,114.75,1.0,114.8,3.0,114.67,1.0,114.85,3.0,114.51,1.0,114.9,2.0,114.5,1.0,115.0,2.0,114.0,1.0,115.5,1.0,113.85,1.0,115.7,1.0,113.75,1.0,115.9,1.0,113.0,1.0,116.3,1.0,111.0,8.0,118.5,1.0,110.6,1.0,118.6,1.0
393,Germany_Baseload#19#0#10000106,2021-10-28 07:01:07.170000,114.75,2.0,114.8,3.0,114.51,1.0,114.85,3.0,114.5,1.0,114.9,2.0,114.0,1.0,115.0,2.0,113.85,1.0,115.5,1.0,113.75,1.0,115.7,1.0,113.0,1.0,115.9,1.0,111.0,8.0,116.3,1.0,110.6,1.0,118.5,1.0,110.5,2.0,118.6,1.0
394,Germany_Baseload#19#0#10000106,2021-10-28 07:01:08.382000,114.75,1.0,114.8,3.0,114.72,2.0,114.85,3.0,114.51,1.0,114.9,2.0,114.5,1.0,115.0,2.0,114.0,1.0,115.5,1.0,113.85,1.0,115.7,1.0,113.75,1.0,115.9,1.0,113.0,1.0,116.3,1.0,111.0,8.0,118.5,1.0,110.6,1.0,118.6,1.0
395,Germany_Baseload#19#0#10000106,2021-10-28 07:01:11.693000,114.75,1.0,114.8,4.0,114.72,2.0,114.85,3.0,114.51,1.0,114.9,2.0,114.5,1.0,115.0,1.0,114.0,1.0,115.5,1.0,113.85,1.0,115.7,1.0,113.75,1.0,115.9,1.0,113.0,1.0,116.3,1.0,111.0,8.0,118.5,1.0,110.6,1.0,118.6,1.0
396,Germany_Baseload#19#0#10000106,2021-10-28 07:01:11.753000,114.75,1.0,114.8,4.0,114.72,2.0,114.85,3.0,114.51,1.0,114.9,2.0,114.5,1.0,115.0,1.0,114.1,1.0,115.5,1.0,114.0,1.0,115.7,1.0,113.75,1.0,115.9,1.0,113.0,1.0,116.3,1.0,111.0,8.0,118.5,1.0,110.6,1.0,118.6,1.0
397,Germany_Baseload#19#0#10000106,2021-10-28 07:01:11.791000,114.72,2.0,114.8,4.0,114.51,1.0,114.85,3.0,114.5,1.0,114.9,2.0,114.1,1.0,115.0,1.0,114.0,1.0,115.5,1.0,113.75,1.0,115.7,1.0,113.0,1.0,115.9,1.0,111.0,8.0,116.3,1.0,110.6,1.0,118.5,1.0,110.5,2.0,118.6,1.0
398,Germany_Baseload#19#0#10000106,2021-10-28 07:01:11.823000,114.51,1.0,114.8,4.0,114.5,1.0,114.85,3.0,114.1,1.0,114.9,2.0,114.0,1.0,115.0,1.0,113.75,1.0,115.5,1.0,113.0,1.0,115.7,1.0,112.97,1.0,115.9,1.0,111.0,8.0,116.3,1.0,110.6,1.0,118.5,1.0,110.5,2.0,118.6,1.0
399,Germany_Baseload#19#0#10000106,2021-10-28 07:01:11.838000,114.51,1.0,114.8,4.0,114.5,1.0,114.85,3.0,114.1,1.0,114.9,2.0,114.0,1.0,115.0,1.0,113.75,1.0,115.5,1.0,113.0,1.0,115.7,1.0,112.97,2.0,115.9,1.0,111.0,8.0,116.3,1.0,110.6,1.0,118.5,1.0,110.5,2.0,118.6,1.0
400,Germany_Baseload#19#0#10000106,2021-10-28 07:01:11.839000,114.72,1.0,114.8,4.0,114.51,1.0,114.85,3.0,114.5,1.0,114.9,2.0,114.1,1.0,115.0,1.0,114.0,1.0,115.5,1.0,113.75,1.0,115.7,1.0,113.0,1.0,115.9,1.0,111.0,8.0,116.3,1.0,110.6,1.0,118.5,1.0,110.5,2.0,118.6,1.0
