,key,Datetime,BidPrice_0,BidVolume_0,AskPrice_0,AskVolume_0,BidPrice_1,BidVolume_1,AskPrice_1,AskVolume_1,BidPrice_2,BidVolume_2,AskPrice_2,AskVolume_2,BidPrice_3,BidVolume_3,AskPrice_3,AskVolume_3,BidPrice_4,BidVolume_4,AskPrice_4,AskVolume_4,BidPrice_5,BidVolume_5,AskPrice_5,AskVolume_5,BidPrice_6,BidVolume_6,AskPrice_6,AskVolume_6,BidPrice_7,BidVolume_7,AskPrice_7,AskVolume_7,BidPrice_8,BidVolume_8,AskPrice_8,AskVolume_8,BidPrice_9,BidVolume_9,AskPrice_9,AskVolume_9
0,Germany_Baseload#19#0#10000106,2021-10-21 06:00:00.161000,52.0,1.0,,,,,,,,,,,,,,,,,,,,,,,,,,,,,,,,,,,,,,
1,Germany_Baseload#19#0#10000106,2021-10-21 06:00:00.162000,52.0,1.0,,,48.0,3.0,,,,,,,,,,,,,,,,,,,,,,,,,,,,,,,,,,
2,Germany_Baseload#19#0#10000106,2021-10-21 06:00:35.323000,119.0,5.0,,,52.0,1.0,,,48.0,3.0,,,,,,,,,,,,,,,,,,,,,,,,,,,,,,
3,Germany_Baseload#19#0#10000106,2021-10-21 06:00:55.055000,120.0,1.0,,,119.0,5.0,,,52.0,1.0,,,48.0,3.0,,,,,,,,,,,,,,,,,,,,,,,,,,
4,Germany_Baseload#19#0#10000106,2021-10-21 06:01:02.927000,120.0,1.0,127.0,1.0,119.0,5.0,,,52.0,1.0,,,48.0,3.0,,,,,,,,,,,,,,,,,,,,,,,,,,
5,Germany_Baseload#19#0#10000106,2021-10-21 06:01:33.026000,120.0,1.0,126.5,1.0,119.0,5.0,127.0,1.0,52.0,1.0,,,48.0,3.0,,,,,,,,,,,,,,,,,,,,,,,,,,
6,Germany_Baseload#19#0#10000106,2021-10-21 06:01:41.495000,121.0,1.0,126.5,1.0,120.0,1.0,127.0,1.0,119.0,5.0,,,52.0,1.0,,,48.0,3.0,,,,,,,,,,,,,,,,,,,,,,
7,Germany_Baseload#19#0#10000106,2021-10-21 06:02:28.050000,121.0,1.0,126.25,1.0,120.0,1.0,126.5,1.0,119.0,5.0,127.0,1.0,52.0,1.0,,,48.0,3.0,,,,,,,,,,,,,,,,,,,,,,
8,Germany_Baseload#19#0#10000106,2021-10-21 06:02:31.166000,121.0,1.0,126.25,1.0,119.0,5.0,126.5,1.0,52.0,1.0,127.0,1.0,48.0,3.0,,,,,,,,,,,,,,,,,,,,,,,,,,
9,Germany_Baseload#19#0#10000106,2021-10-21 06:02:31.283000,121.5,1.0,126.25,1.0,121.0,1.0,126.5,1.0,119.0,5.0,127.0,1.0,52.0,1.0,,,48.0,3.0,,,,,,,,,,,,,,,,,,,,,,
10,Germany_Baseload#19#0#10000106,2021-10-21 06:07:22.899000,121.75,1.0,126.25,1.0,121.5,1.0,126.5,1.0,119.0,5.0,127.0,1.0,52.0,1.0,,,48.0,3.0,,,,,,,,,,,,,,,,,,,,,,
11,Germany_Baseload#19#0#10000106,2021-10-21 06:07:28.337000,121.75,1.0,126.0,1.0,121.5,1.0,126.25,1.0,119.0,5.0,127.0,1.0,52.0,1.0,,,48.0,3.0,,,,,,,,,,,,,,,,,,,,,,
12,Germany_Baseload#19#0#10000106,2021-10-21 06:07:31.503000,121.75,1.0,126.0,1.0,119.0,5.0,126.25,1.0,52.0,1.0,127.0,1.0,48.0,3.0,,,,,,,,,,,,,,,,,,,,,,,,,,
13,Germany_Baseload#19#0#10000106,2021-10-21 06:07:31.618000,122.0,1.0,126.0,1.0,121.75,1.0,126.25,1.0,119.0,5.0,127.0,1.0,52.0,1.0,,,48.0,3.0,,,,,,,,,,,,,,,,,,,,,,
14,Germany_Baseload#19#0#10000106,2021-10-21 06:07:37.179000,122.0,1.0,126.0,1.0,121.75,1.0,126.25,1.0,119.0,5.0,127.0,1.0,52.0,1.0,,,48.0,3.0,,,,,,,,,,,,,,,,,,,,,,
15,Germany_Baseload#19#0#10000106,2021-10-21 06:07:51.781000,122.0,1.0,126.0,1.0,121.75,1.0,127.0,1.0,119.0,5.0,,,52.0,1.0,,,48.0,3.0,,,,,,,,,,,,,,,,,,,,,,
16,Germany_Baseload#19#0#10000106,2021-10-21 06:07:55.291000,122.0,1.0,126.0,1.0,121.75,1.0,127.0,1.0,119.0,5.0,,,52.0,1.0,,,48.0,3.0,,,,,,,,,,,,,,,,,,,,,,
17,Germany_Baseload#19#0#10000106,2021-10-21 06:07:55.409000,122.5,1.0,126.0,1.0,122.0,1.0,127.0,1.0,121.75,1.0,,,119.0,5.0,,,52.0,1.0,,,48.0,3.0,,,,,,,,,,,,,,,,,,
18,Germany_Baseload#19#0#10000106,2021-10-21 06:08:06.743000,122.5,1.0,126.5,1.0,122.0,1.0,127.0,1.0,121.75,1.0,,,119.0,5.0,,,52.0,1.0,,,48.0,3.0,,,,,,,,,,,,,,,,,,
19,Germany_Baseload#19#0#10000106,2021-10-21 06:08:47.477000,122.5,1.0,126.75,1.0,122.0,1.0,127.0,1.0,121.75,1.0,,,119.0,5.0,,,52.0,1.0,,,48.0,3.0,,,,,,,,,,,,,,,,,,
20,Germany_Baseload#19#0#10000106,2021-10-21 06:08:50.906000,123.0,1.0,126.75,1.0,122.5,1.0,127.0,1.0,121.75,1.0,,,119.0,5.0,,,52.0,1.0,,,48.0,3.0,,,,,,,,,,,,,,,,,,
21,Germany_Baseload#19#0#10000106,2021-10-21 06:10:09.946000,123.0,1.0,126.75,1.0,121.75,1.0,127.0,1.0,119.0,5.0,,,52.0,1.0,,,48.0,3.0,,,,,,,,,,,,,,,,,,,,,,
22,Germany_Baseload#19#0#10000106,2021-10-21 06:10:10.055000,123.25,1.0,126.75,1.0,123.0,1.0,127.0,1.0,121.75,1.0,,,119.0,5.0,,,52.0,1.0,,,48.0,3.0,,,,,,,,,,,,,,,,,,
23,Germany_Baseload#19#0#10000106,2021-10-21 06:11:49.650000,123.25,1.0,126.75,1.0,123.0,1.0,127.0,1.0,121.75,1.0,,,119.0,5.0,,,116.55,1.0,,,52.0,1.0,,,48.0,3.0,,,,,,,,,,,,,,
24,Germany_Baseload#19#0#10000106,2021-10-21 06:13:58.390000,123.25,1.0,126.75,1.0,123.0,1.0,127.0,1.0,121.75,1.0,,,119.0,5.0,,,116.7,1.0,,,52.0,1.0,,,48.0,3.0,,,,,,,,,,,,,,
25,Germany_Baseload#19#0#10000106,2021-10-21 06:13:58.920000,123.25,1.0,126.75,1.0,123.0,1.0,127.0,1.0,121.75,1.0,,,119.0,5.0,,,116.85,1.0,,,52.0,1.0,,,48.0,3.0,,,,,,,,,,,,,,
26,Germany_Baseload#19#0#10000106,2021-10-21 06:14:08.388000,123.25,1.0,126.75,1.0,123.0,1.0,127.0,1.0,121.75,1.0,,,119.0,5.0,,,117.1,1.0,,,52.0,1.0,,,48.0,3.0,,,,,,,,,,,,,,
27,Germany_Baseload#19#0#10000106,2021-10-21 06:15:07.226000,123.25,1.0,126.75,1.0,123.0,1.0,127.0,1.0,121.75,1.0,,,119.0,5.0,,,117.3,1.0,,,52.0,1.0,,,48.0,3.0,,,,,,,,,,,,,,
28,Germany_Baseload#19#0#10000106,2021-10-21 06:15:07.338000,123.25,1.0,126.75,1.0,123.0,1.0,127.0,1.0,121.75,1.0,,,119.0,5.0,,,117.5,1.0,,,52.0,1.0,,,48.0,3.0,,,,,,,,,,,,,,
29,Germany_Baseload#19#0#10000106,2021-10-21 06:15:07.443000,123.25,1.0,126.75,1.0,123.0,1.0,127.0,1.0,121.75,1.0,,,119.0,5.0,,,52.0,1.0,,,48.0,3.0,,,,,,,,,,,,,,,,,,
30,Germany_Baseload#19#0#10000106,2021-10-21 06:22:22.722000,123.25,1.0,126.0,1.0,123.0,1.0,127.0,1.0,121.75,1.0,,,119.0,5.0,,,52.0,1.0,,,48.0,3.0,,,,,,,,,,,,,,,,,,
31,Germany_Baseload#19#0#10000106,2021-10-21 06:23:21.582000,125.0,1.0,126.0,1.0,123.25,1.0,127.0,1.0,123.0,1.0,,,121.75,1.0,,,119.0,5.0,,,52.0,1.0,,,48.0,3.0,,,,,,,,,,,,,,
32,Germany_Baseload#19#0#10000106,2021-10-21 06:23:30.402000,125.0,1.0,126.0,1.0,123.25,1.0,127.0,1.0,121.75,1.0,,,119.0,5.0,,,52.0,1.0,,,48.0,3.0,,,,,,,,,,,,,,,,,,
33,Germany_Baseload#19#0#10000106,2021-10-21 06:24:09.659000,125.0,1.0,126.5,1.0,123.25,1.0,127.0,1.0,121.75,1.0,,,119.0,5.0,,,52.0,1.0,,,48.0,3.0,,,,,,,,,,,,,,,,,,
34,Germany_Baseload#19#0#10000106,2021-10-21 06:24:51.509000,125.0,2.0,126.5,1.0,123.25,1.0,127.0,1.0,121.75,1.0,,,119.0,5.0,,,52.0,1.0,,,48.0,3.0,,,,,,,,,,,,,,,,,,
35,Germany_Baseload#19#0#10000106,2021-10-21 06:25:03.590000,125.0,2.0,126.5,1.0,123.5,1.0,127.0,1.0,123.25,1.0,,,121.75,1.0,,,119.0,5.0,,,52.0,1.0,,,48.0,3.0,,,,,,,,,,,,,,
36,Germany_Baseload#19#0#10000106,2021-10-21 06:28:08.768000,125.0,2.0,126.5,1.0,123.5,1.0,127.0,1.0,123.25,1.0,128.0,1.0,121.75,1.0,,,119.0,5.0,,,52.0,1.0,,,48.0,3.0,,,,,,,,,,,,,,
37,Germany_Baseload#19#0#10000106,2021-10-21 06:29:07.482000,125.0,2.0,126.5,1.0,123.5,1.0,128.0,1.0,123.25,1.0,,,121.75,1.0,,,119.0,5.0,,,52.0,1.0,,,48.0,3.0,,,,,,,,,,,,,,
38,Germany_Baseload#19#0#10000106,2021-10-21 06:29:07.525000,125.0,2.0,126.5,1.0,123.5,1.0,128.0,2.0,123.25,1.0,,,121.75,1.0,,,119.0,5.0,,,52.0,1.0,,,48.0,3.0,,,,,,,,,,,,,,
39,Germany_Baseload#19#0#10000106,2021-10-21 06:29:12.970000,125.0,2.0,128.0,2.0,123.5,1.0,,,123.25,1.0,,,121.75,1.0,,,119.0,5.0,,,52.0,1.0,,,48.0,3.0,,,,,,,,,,,,,,
40,Germany_Baseload#19#0#10000106,2021-10-21 06:29:17.333000,125.0,2.0,128.0,1.0,123.5,1.0,,,123.25,1.0,,,121.75,1.0,,,119.0,5.0,,,52.0,1.0,,,48.0,3.0,,,,,,,,,,,,,,
41,Germany_Baseload#19#0#10000106,2021-10-21 06:29:23.463000,125.0,2.0,,,123.5,1.0,,,123.25,1.0,,,121.75,1.0,,,119.0,5.0,,,52.0,1.0,,,48.0,3.0,,,,,,,,,,,,,,
42,Germany_Baseload#19#0#10000106,2021-10-21 06:29:31.681000,125.0,2.0,127.5,1.0,123.5,1.0,,,123.25,1.0,,,121.75,1.0,,,119.0,5.0,,,52.0,1.0,,,48.0,3.0,,,,,,,,,,,,,,
43,Germany_Baseload#19#0#10000106,2021-10-21 06:29:31.771000,125.0,2.0,127.5,1.0,123.5,1.0,130.0,1.0,123.25,1.0,,,121.75,1.0,,,119.0,5.0,,,52.0,1.0,,,48.0,3.0,,,,,,,,,,,,,,
44,Germany_Baseload#19#0#10000106,2021-10-21 06:29:37.094000,126.0,1.0,127.5,1.0,125.0,2.0,130.0,1.0,123.5,1.0,,,123.25,1.0,,,121.75,1.0,,,119.0,5.0,,,52.0,1.0,,,48.0,3.0,,,,,,,,,,
45,Germany_Baseload#19#0#10000106,2021-10-21 06:29:53.431000,126.0,1.0,130.0,1.0,125.0,2.0,,,123.5,1.0,,,123.25,1.0,,,121.75,1.0,,,119.0,5.0,,,52.0,1.0,,,48.0,3.0,,,,,,,,,,
46,Germany_Baseload#19#0#10000106,2021-10-21 06:29:53.461000,126.0,1.0,127.0,1.0,125.0,2.0,130.0,1.0,123.5,1.0,,,123.25,1.0,,,121.75,1.0,,,119.0,5.0,,,52.0,1.0,,,48.0,3.0,,,,,,,,,,
47,Germany_Baseload#19#0#10000106,2021-10-21 06:30:24.535000,126.0,1.0,127.0,1.0,125.0,2.0,130.0,1.0,123.5,1.0,,,121.75,1.0,,,119.0,5.0,,,52.0,1.0,,,48.0,3.0,,,,,,,,,,,,,,
48,Germany_Baseload#19#0#10000106,2021-10-21 06:30:24.653000,126.0,1.0,127.0,1.0,125.0,2.0,130.0,1.0,123.5,1.0,,,121.75,1.0,,,119.0,5.0,,,52.0,1.0,,,48.0,3.0,,,,,,,,,,,,,,
49,Germany_Baseload#19#0#10000106,2021-10-21 06:31:37.133000,126.0,1.0,130.0,1.0,125.0,2.0,,,123.5,1.0,,,121.75,1.0,,,119.0,5.0,,,52.0,1.0,,,48.0,3.0,,,,,,,,,,,,,,
50,Germany_Baseload#19#0#10000106,2021-10-21 06:31:47.474000,126.0,1.0,130.0,2.0,125.0,2.0,,,123.5,1.0,,,121.75,1.0,,,119.0,5.0,,,52.0,1.0,,,48.0,3.0,,,,,,,,,,,,,,
51,Germany_Baseload#19#0#10000106,2021-10-21 06:32:02.824000,126.0,1.0,127.0,1.0,125.0,2.0,130.0,2.0,123.5,1.0,,,121.75,1.0,,,119.0,5.0,,,52.0,1.0,,,48.0,3.0,,,,,,,,,,,,,,
52,Germany_Baseload#19#0#10000106,2021-10-21 06:34:16.343000,125.5,1.0,127.0,1.0,125.0,2.0,130.0,2.0,123.5,2.0,,,121.75,1.0,,,119.0,5.0,,,52.0,1.0,,,48.0,3.0,,,,,,,,,,,,,,
53,Germany_Baseload#19#0#10000106,2021-10-21 06:35:01.863000,125.5,1.0,127.0,1.0,125.0,2.0,130.0,2.0,123.5,2.0,,,121.75,1.0,,,119.0,5.0,,,118.0,1.0,,,52.0,1.0,,,48.0,3.0,,,,,,,,,,
54,Germany_Baseload#19#0#10000106,2021-10-21 06:38:52.443000,125.5,1.0,127.0,1.0,125.0,2.0,130.0,2.0,124.5,1.0,,,123.5,2.0,,,121.75,1.0,,,119.0,5.0,,,118.0,1.0,,,52.0,1.0,,,48.0,3.0,,,,,,
55,Germany_Baseload#19#0#10000106,2021-10-21 06:39:08.873000,125.5,1.0,127.0,1.0,125.0,2.0,130.0,2.0,124.5,1.0,,,123.5,2.0,,,121.75,1.0,,,119.0,5.0,,,118.0,1.0,,,114.0,1.0,,,52.0,1.0,,,48.0,3.0,,
56,Germany_Baseload#19#0#10000106,2021-10-21 06:39:55.415000,125.5,1.0,127.0,1.0,125.0,2.0,128.0,1.0,124.5,1.0,130.0,2.0,123.5,2.0,,,121.75,1.0,,,119.0,5.0,,,118.0,1.0,,,114.0,1.0,,,52.0,1.0,,,48.0,3.0,,
57,Germany_Baseload#19#0#10000106,2021-10-21 06:40:00.554000,125.5,1.0,127.0,1.0,125.0,2.0,128.0,1.0,124.5,1.0,130.0,1.0,123.5,2.0,135.0,1.0,121.75,1.0,,,119.0,5.0,,,118.0,1.0,,,114.0,1.0,,,52.0,1.0,,,48.0,3.0,,
58,Germany_Baseload#19#0#10000106,2021-10-21 06:49:30.385000,125.5,1.0,127.0,3.0,125.0,2.0,128.0,1.0,124.5,1.0,130.0,1.0,123.5,2.0,135.0,1.0,121.75,1.0,,,119.0,5.0,,,118.0,1.0,,,114.0,1.0,,,52.0,1.0,,,48.0,3.0,,
59,Germany_Baseload#19#0#10000106,2021-10-21 06:49:42.139000,125.5,1.0,126.75,1.0,125.0,2.0,127.0,3.0,124.5,1.0,128.0,1.0,123.5,2.0,130.0,1.0,121.75,1.0,135.0,1.0,119.0,5.0,,,118.0,1.0,,,114.0,1.0,,,52.0,1.0,,,48.0,3.0,,
60,Germany_Baseload#19#0#10000106,2021-10-21 06:49:57.342000,125.5,1.0,126.75,1.0,125.0,2.0,127.0,2.0,124.5,1.0,128.0,1.0,123.5,2.0,130.0,1.0,121.75,1.0,135.0,1.0,119.0,5.0,,,118.0,1.0,,,114.0,1.0,,,52.0,1.0,,,48.0,3.0,,
61,Germany_Baseload#19#0#10000106,2021-10-21 06:49:57.376000,125.5,1.0,126.75,1.0,125.0,2.0,127.0,2.0,124.5,1.0,128.0,1.0,123.5,2.0,130.0,1.0,121.75,1.0,135.0,1.0,119.0,5.0,,,118.0,1.0,,,114.0,1.0,,,52.0,1.0,,,48.0,3.0,,
62,Germany_Baseload#19#0#10000106,2021-10-21 06:51:20.359000,125.5,1.0,126.75,1.0,125.0,2.0,127.0,2.0,124.5,1.0,128.0,1.0,123.5,2.0,130.0,1.0,121.75,1.0,135.0,1.0,119.0,5.0,135.6,5.0,118.0,1.0,,,114.0,1.0,,,52.0,1.0,,,48.0,3.0,,
63,Germany_Baseload#19#0#10000106,2021-10-21 06:51:26.892000,125.5,1.0,126.75,3.0,125.0,2.0,128.0,1.0,124.5,1.0,130.0,1.0,123.5,2.0,135.0,1.0,121.75,1.0,135.6,5.0,119.0,5.0,,,118.0,1.0,,,114.0,1.0,,,52.0,1.0,,,48.0,3.0,,
64,Germany_Baseload#19#0#10000106,2021-10-21 06:51:30.358000,125.5,1.0,126.54,2.0,125.0,2.0,126.75,1.0,124.5,1.0,128.0,1.0,123.5,2.0,130.0,1.0,121.75,1.0,135.0,1.0,119.0,5.0,135.6,5.0,118.0,1.0,,,114.0,1.0,,,52.0,1.0,,,48.0,3.0,,
65,Germany_Baseload#19#0#10000106,2021-10-21 06:51:47.269000,125.5,1.0,126.54,2.0,125.0,2.0,126.75,1.0,124.5,1.0,128.0,1.0,123.5,2.0,130.0,1.0,121.75,1.0,135.0,1.0,119.0,5.0,135.2,5.0,118.0,1.0,,,114.0,1.0,,,52.0,1.0,,,48.0,3.0,,
66,Germany_Baseload#19#0#10000106,2021-10-21 06:51:52.475000,125.5,1.0,126.54,2.0,125.0,2.0,126.75,1.0,124.5,1.0,128.0,1.0,123.5,2.0,130.0,1.0,121.75,1.0,135.0,1.0,119.0,5.0,135.4,5.0,118.0,1.0,,,114.0,1.0,,,52.0,1.0,,,48.0,3.0,,
67,Germany_Baseload#19#0#10000106,2021-10-21 06:52:23.805000,125.25,1.0,126.54,2.0,125.0,2.0,126.75,1.0,124.5,1.0,128.0,1.0,123.5,2.0,130.0,1.0,121.75,1.0,135.0,1.0,119.0,5.0,135.4,5.0,118.0,1.0,,,114.0,1.0,,,52.0,1.0,,,48.0,3.0,,
68,Germany_Baseload#19#0#10000106,2021-10-21 06:52:47.360000,125.25,1.0,126.54,2.0,125.0,2.0,126.75,1.0,124.5,1.0,128.0,1.0,123.5,2.0,130.0,1.0,121.75,1.0,135.0,1.0,119.0,5.0,135.2,5.0,118.0,1.0,,,114.0,1.0,,,52.0,1.0,,,48.0,3.0,,
69,Germany_Baseload#19#0#10000106,2021-10-21 06:53:02.383000,125.25,1.0,126.54,2.0,125.0,2.0,126.75,1.0,124.5,1.0,127.0,1.0,123.5,2.0,128.0,1.0,121.75,1.0,130.0,1.0,119.0,5.0,135.0,1.0,118.0,1.0,135.2,5.0,114.0,1.0,,,52.0,1.0,,,48.0,3.0,,
70,Germany_Baseload#19#0#10000106,2021-10-21 06:53:39.964000,125.25,1.0,126.54,2.0,125.0,2.0,126.75,1.0,124.5,1.0,127.0,1.0,123.5,2.0,128.0,1.0,121.75,1.0,130.0,1.0,119.0,5.0,135.0,5.0,118.0,1.0,,,114.0,1.0,,,52.0,1.0,,,48.0,3.0,,
71,Germany_Baseload#19#0#10000106,2021-10-21 06:53:42.700000,125.25,1.0,126.54,2.0,125.0,2.0,126.75,1.0,124.5,1.0,127.0,1.0,123.5,1.0,128.0,1.0,121.75,1.0,130.0,1.0,119.0,5.0,135.0,5.0,118.0,1.0,,,114.0,1.0,,,52.0,1.0,,,48.0,3.0,,
72,Germany_Baseload#19#0#10000106,2021-10-21 06:53:42.824000,125.25,1.0,126.54,2.0,125.0,2.0,126.75,1.0,124.5,1.0,127.0,1.0,123.5,1.0,128.0,1.0,121.75,1.0,130.0,1.0,119.0,5.0,135.0,5.0,118.0,1.0,,,114.0,1.0,,,52.0,1.0,,,48.0,3.0,,
73,Germany_Baseload#19#0#10000106,2021-10-21 06:54:15.878000,125.25,1.0,126.54,2.0,125.0,2.0,126.75,1.0,124.5,1.0,127.0,1.0,123.5,1.0,128.0,1.0,121.75,1.0,130.0,1.0,119.0,5.0,135.0,1.0,118.0,1.0,,,114.0,1.0,,,52.0,1.0,,,48.0,3.0,,
74,Germany_Baseload#19#0#10000106,2021-10-21 06:54:16.030000,125.25,1.0,126.54,2.0,125.0,2.0,126.75,1.0,124.5,1.0,127.0,1.0,123.5,1.0,128.0,1.0,121.75,1.0,130.0,1.0,119.0,5.0,134.8,5.0,118.0,1.0,135.0,1.0,114.0,1.0,,,52.0,1.0,,,48.0,3.0,,
75,Germany_Baseload#19#0#10000106,2021-10-21 06:54:28.054000,125.25,1.0,126.25,1.0,125.0,2.0,126.54,2.0,124.5,1.0,126.75,1.0,123.5,1.0,127.0,1.0,121.75,1.0,128.0,1.0,119.0,5.0,130.0,1.0,118.0,1.0,134.8,5.0,114.0,1.0,135.0,1.0,52.0,1.0,,,48.0,3.0,,
76,Germany_Baseload#19#0#10000106,2021-10-21 06:54:28.373000,125.1,1.0,126.0,1.0,125.0,2.0,126.25,1.0,124.5,1.0,126.54,2.0,123.5,1.0,126.75,1.0,121.75,1.0,127.0,1.0,119.0,5.0,128.0,1.0,118.0,1.0,130.0,1.0,114.0,1.0,131.0,5.0,52.0,1.0,135.0,1.0,48.0,3.0,,
77,Germany_Baseload#19#0#10000106,2021-10-21 06:54:29.992000,125.25,1.0,126.25,1.0,125.0,2.0,126.54,2.0,124.5,1.0,126.75,1.0,123.5,1.0,127.0,1.0,121.75,1.0,128.0,1.0,119.0,5.0,130.0,1.0,118.0,1.0,131.0,5.0,114.0,1.0,135.0,1.0,52.0,1.0,,,48.0,3.0,,
78,Germany_Baseload#19#0#10000106,2021-10-21 06:54:43.007000,125.1,1.0,126.25,1.0,125.0,2.0,126.54,2.0,124.5,1.0,126.75,1.0,123.5,1.0,127.0,1.0,121.75,1.0,128.0,1.0,119.0,5.0,130.0,1.0,118.0,1.0,131.0,5.0,114.0,1.0,135.0,1.0,52.0,1.0,,,48.0,3.0,,
79,Germany_Baseload#19#0#10000106,2021-10-21 06:55:39.766000,125.1,1.0,126.0,3.0,125.0,2.0,126.25,1.0,124.5,1.0,126.75,1.0,123.5,1.0,127.0,1.0,121.75,1.0,128.0,1.0,119.0,5.0,130.0,1.0,118.0,1.0,131.0,5.0,114.0,1.0,135.0,1.0,52.0,1.0,,,48.0,3.0,,
80,Germany_Baseload#19#0#10000106,2021-10-21 06:56:03.890000,125.1,1.0,126.0,3.0,125.0,2.0,126.25,1.0,124.5,1.0,126.75,1.0,123.5,1.0,127.0,1.0,121.75,1.0,128.0,1.0,119.0,5.0,130.0,1.0,118.0,1.0,134.8,5.0,114.0,1.0,135.0,1.0,52.0,1.0,,,48.0,3.0,,
81,Germany_Baseload#19#0#10000106,2021-10-21 06:56:23.582000,125.1,1.0,126.0,3.0,125.0,2.0,126.25,1.0,124.5,1.0,126.75,1.0,123.5,1.0,127.0,1.0,121.75,1.0,128.0,1.0,119.0,5.0,130.0,1.0,118.0,1.0,130.8,5.0,114.0,1.0,135.0,1.0,52.0,1.0,,,48.0,3.0,,
82,Germany_Baseload#19#0#10000106,2021-10-21 06:57:18.116000,125.1,1.0,126.0,3.0,125.0,2.0,126.25,1.0,124.5,1.0,126.75,1.0,123.5,1.0,127.0,1.0,121.75,1.0,128.0,1.0,119.0,5.0,130.0,1.0,118.0,1.0,134.6,5.0,114.0,1.0,135.0,1.0,52.0,1.0,,,48.0,3.0,,
83,Germany_Baseload#19#0#10000106,2021-10-21 06:57:20.568000,125.1,1.0,125.75,2.0,125.0,2.0,126.0,1.0,124.5,1.0,126.25,1.0,123.5,1.0,126.75,1.0,121.75,1.0,127.0,1.0,119.0,5.0,128.0,1.0,118.0,1.0,130.0,1.0,114.0,1.0,134.6,5.0,52.0,1.0,135.0,1.0,48.0,3.0,,
84,Germany_Baseload#19#0#10000106,2021-10-21 06:57:25.318000,125.5,1.0,125.5,1.0,125.1,1.0,125.75,2.0,125.0,2.0,126.25,1.0,124.5,1.0,126.75,1.0,121.75,1.0,127.0,1.0,119.0,5.0,128.0,1.0,118.0,1.0,130.0,1.0,114.0,1.0,134.8,5.0,52.0,1.0,135.0,1.0,48.0,3.0,,
85,Germany_Baseload#19#0#10000106,2021-10-21 06:57:26.956000,125.1,1.0,125.75,2.0,125.0,2.0,126.0,1.0,124.5,1.0,126.25,1.0,123.5,1.0,126.75,1.0,121.75,1.0,127.0,1.0,119.0,5.0,128.0,1.0,118.0,1.0,130.0,1.0,114.0,1.0,130.8,5.0,52.0,1.0,135.0,1.0,48.0,3.0,,
86,Germany_Baseload#19#0#10000106,2021-10-21 06:57:34.187000,125.1,1.0,125.75,2.0,125.0,2.0,126.0,1.0,124.5,1.0,126.25,1.0,123.5,1.0,126.75,1.0,121.75,1.0,127.0,1.0,119.0,5.0,128.0,1.0,118.0,1.0,130.0,1.0,114.0,1.0,134.6,5.0,52.0,1.0,135.0,1.0,48.0,3.0,,
87,Germany_Baseload#19#0#10000106,2021-10-21 06:57:35.983000,125.1,1.0,125.75,2.0,125.0,2.0,126.0,1.0,124.5,1.0,126.25,1.0,123.5,1.0,126.75,1.0,121.75,1.0,127.0,1.0,119.0,5.0,128.0,1.0,118.0,1.0,130.0,1.0,114.0,1.0,130.8,5.0,52.0,1.0,135.0,1.0,48.0,3.0,,
88,Germany_Baseload#19#0#10000106,2021-10-21 06:57:38.580000,125.1,1.0,125.75,2.0,125.0,2.0,126.0,1.0,124.5,1.0,126.25,1.0,123.5,1.0,126.75,1.0,121.75,1.0,127.0,1.0,119.0,5.0,128.0,1.0,118.0,1.0,130.0,1.0,114.0,1.0,134.6,5.0,52.0,1.0,135.0,1.0,48.0,3.0,,
89,Germany_Baseload#19#0#10000106,2021-10-21 06:57:41.013000,125.5,1.0,125.75,2.0,125.1,1.0,126.0,1.0,125.0,2.0,126.25,1.0,124.5,1.0,126.75,1.0,121.75,1.0,127.0,1.0,119.0,5.0,128.0,1.0,118.0,1.0,130.0,1.0,114.0,1.0,134.6,5.0,52.0,1.0,135.0,1.0,48.0,3.0,,
90,Germany_Baseload#19#0#10000106,2021-10-21 06:57:45.241000,125.5,1.0,125.75,2.0,125.1,1.0,126.0,1.0,125.0,2.0,126.25,1.0,124.5,1.0,126.75,1.0,121.75,1.0,127.0,1.0,119.0,5.0,128.0,1.0,118.0,1.0,130.0,1.0,114.0,1.0,134.8,5.0,52.0,1.0,135.0,1.0,48.0,3.0,,
91,Germany_Baseload#19#0#10000106,2021-10-21 06:58:04.274000,125.1,1.0,125.5,1.0,125.0,2.0,125.75,2.0,124.5,1.0,126.25,1.0,121.75,1.0,126.75,1.0,119.0,5.0,127.0,1.0,118.0,1.0,128.0,1.0,114.0,1.0,130.0,1.0,52.0,1.0,134.8,5.0,48.0,3.0,135.0,1.0,,,,
92,Germany_Baseload#19#0#10000106,2021-10-21 06:59:10.093000,125.5,1.0,125.5,1.0,125.1,1.0,125.75,2.0,125.0,2.0,126.25,1.0,124.5,1.0,126.75,1.0,121.75,1.0,127.0,1.0,119.0,5.0,128.0,1.0,118.0,1.0,130.0,1.0,114.0,1.0,134.8,5.0,52.0,1.0,135.0,1.0,48.0,3.0,,
93,Germany_Baseload#19#0#10000106,2021-10-21 06:59:36.430000,125.1,1.0,125.5,1.0,125.0,2.0,125.75,2.0,124.5,1.0,126.25,1.0,121.75,1.0,126.75,1.0,119.0,5.0,127.0,1.0,118.0,1.0,128.0,1.0,114.0,1.0,130.0,1.0,52.0,1.0,134.8,5.0,48.0,3.0,135.0,1.0,,,,
94,Germany_Baseload#19#0#10000106,2021-10-21 06:59:40.724000,125.25,1.0,125.5,1.0,125.1,1.0,125.75,2.0,125.0,2.0,126.25,1.0,124.5,1.0,126.75,1.0,121.75,1.0,127.0,1.0,119.0,5.0,128.0,1.0,118.0,1.0,130.0,1.0,114.0,1.0,134.8,5.0,52.0,1.0,135.0,1.0,48.0,3.0,,
95,Germany_Baseload#19#0#10000106,2021-10-21 06:59:43.311000,125.25,1.0,125.5,1.0,125.1,1.0,125.75,2.0,125.0,2.0,126.25,1.0,124.5,1.0,126.75,1.0,121.75,1.0,127.0,1.0,119.0,5.0,128.0,1.0,118.0,1.0,130.0,1.0,114.0,1.0,131.0,5.0,52.0,1.0,135.0,1.0,48.0,3.0,,
96,Germany_Baseload#19#0#10000106,2021-10-21 06:59:55.206000,125.25,1.0,125.5,1.0,125.1,1.0,125.75,2.0,125.0,2.0,126.0,1.0,124.5,1.0,126.25,1.0,121.75,1.0,126.75,1.0,119.0,5.0,127.0,1.0,118.0,1.0,130.0,1.0,114.0,1.0,131.0,5.0,52.0,1.0,135.0,1.0,48.0,3.0,,
97,Germany_Baseload#19#0#10000106,2021-10-21 07:00:00.712000,125.25,1.0,125.5,1.0,125.1,1.0,125.75,2.0,125.0,2.0,126.0,1.0,124.5,1.0,126.25,1.0,121.75,1.0,126.75,1.0,119.0,5.0,127.0,1.0,118.0,1.0,130.0,1.0,114.0,1.0,130.8,5.0,52.0,1.0,135.0,1.0,48.0,3.0,,
98,Germany_Baseload#19#0#10000106,2021-10-21 07:01:08.145000,125.25,1.0,125.75,2.0,125.1,1.0,126.0,1.0,125.0,2.0,126.25,1.0,124.5,1.0,126.75,1.0,121.75,1.0,127.0,1.0,119.0,5.0,130.0,1.0,118.0,1.0,131.2,5.0,114.0,1.0,135.0,1.0,52.0,1.0,,,48.0,3.0,,
99,Germany_Baseload#19#0#10000106,2021-10-21 07:01:16.353000,125.25,1.0,125.5,1.0,125.1,1.0,125.75,2.0,125.0,2.0,126.0,1.0,124.5,1.0,126.25,1.0,121.75,1.0,126.75,1.0,119.0,5.0,127.0,1.0,118.0,1.0,130.0,1.0,114.0,1.0,131.0,5.0,52.0,1.0,135.0,1.0,48.0,3.0,,
100,Germany_Baseload#19#0#10000106,2021-10-21 07:01:16.502000,125.25,1.0,125.5,1.0,125.1,1.0,125.75,2.0,125.0,2.0,126.0,1.0,124.5,1.0,126.25,1.0,121.75,1.0,126.75,1.0,119.0,5.0,127.0,1.0,118.0,1.0,130.0,1.0,114.0,1.0,134.8,5.0,52.0,1.0,135.0,1.0,48.0,3.0,,
101,Germany_Baseload#19#0#10000106,2021-10-21 07:01:31.888000,125.25,1.0,125.5,1.0,125.1,1.0,125.75,2.0,125.0,2.0,126.0,1.0,124.5,1.0,126.25,1.0,121.75,1.0,126.75,1.0,119.0,5.0,127.0,1.0,118.0,1.0,130.0,1.0,114.0,1.0,131.2,5.0,52.0,1.0,135.0,1.0,48.0,3.0,,
102,Germany_Baseload#19#0#10000106,2021-10-21 07:01:38.940000,125.25,1.0,125.75,2.0,125.1,1.0,126.0,1.0,125.0,2.0,126.25,1.0,124.5,1.0,126.75,1.0,121.75,1.0,127.0,1.0,119.0,5.0,130.0,1.0,118.0,1.0,131.4,5.0,114.0,1.0,135.0,1.0,52.0,1.0,,,48.0,3.0,,
103,Germany_Baseload#19#0#10000106,2021-10-21 07:01:43.154000,125.1,1.0,125.75,2.0,125.0,2.0,126.0,1.0,124.5,1.0,126.25,1.0,121.75,1.0,126.75,1.0,119.0,5.0,127.0,1.0,118.0,1.0,130.0,1.0,114.0,1.0,131.4,5.0,52.0,1.0,135.0,1.0,48.0,3.0,,,,,,
104,Germany_Baseload#19#0#10000106,2021-10-21 07:01:45.604000,125.1,1.0,125.75,2.0,125.0,2.0,126.0,1.0,124.5,1.0,126.25,1.0,121.75,1.0,126.75,1.0,119.0,5.0,127.0,1.0,118.0,1.0,130.0,1.0,114.0,1.0,131.2,5.0,52.0,1.0,135.0,1.0,48.0,3.0,,,,,,
105,Germany_Baseload#19#0#10000106,2021-10-21 07:01:49.822000,125.1,1.0,125.75,2.0,125.0,2.0,126.0,1.0,124.5,1.0,126.25,1.0,121.75,1.0,126.75,1.0,119.0,5.0,127.0,1.0,118.0,1.0,130.0,1.0,114.0,1.0,131.4,5.0,52.0,1.0,135.0,1.0,48.0,3.0,,,,,,
106,Germany_Baseload#19#0#10000106,2021-10-21 07:01:56.917000,125.25,1.0,125.75,2.0,125.1,1.0,126.0,1.0,125.0,2.0,126.25,1.0,124.5,1.0,126.75,1.0,121.75,1.0,127.0,1.0,119.0,5.0,130.0,1.0,118.0,1.0,131.4,5.0,114.0,1.0,135.0,1.0,52.0,1.0,,,48.0,3.0,,
107,Germany_Baseload#19#0#10000106,2021-10-21 07:02:19.142000,125.5,1.0,125.75,2.0,125.1,1.0,126.0,1.0,125.0,2.0,126.25,1.0,124.5,1.0,126.75,1.0,121.75,1.0,127.0,1.0,119.0,5.0,130.0,1.0,118.0,1.0,131.4,5.0,114.0,1.0,135.0,1.0,52.0,1.0,,,48.0,3.0,,
108,Germany_Baseload#19#0#10000106,2021-10-21 07:02:20.522000,125.5,1.0,125.75,2.0,125.1,1.0,126.0,1.0,125.0,2.0,126.25,1.0,124.5,1.0,126.75,1.0,121.75,1.0,127.0,1.0,119.0,5.0,130.0,1.0,118.0,1.0,131.2,5.0,114.0,1.0,135.0,1.0,52.0,1.0,,,48.0,3.0,,
109,Germany_Baseload#19#0#10000106,2021-10-21 07:02:21.500000,125.5,1.0,126.0,1.0,125.1,1.0,126.25,1.0,125.0,2.0,126.75,1.0,124.5,1.0,127.0,1.0,121.75,1.0,130.0,1.0,119.0,5.0,131.2,5.0,118.0,1.0,135.0,1.0,114.0,1.0,,,52.0,1.0,,,48.0,3.0,,
110,Germany_Baseload#19#0#10000106,2021-10-21 07:02:26.545000,125.5,1.0,126.0,1.0,125.1,1.0,126.25,1.0,125.0,2.0,126.75,1.0,124.5,1.0,127.0,1.0,121.75,1.0,130.0,1.0,119.0,5.0,131.4,5.0,118.0,1.0,135.0,1.0,114.0,1.0,,,52.0,1.0,,,48.0,3.0,,
111,Germany_Baseload#19#0#10000106,2021-10-21 07:03:00.296000,125.5,1.0,126.0,1.0,125.1,1.0,126.25,1.0,125.0,2.0,126.75,1.0,124.5,1.0,127.0,1.0,121.75,1.0,130.0,1.0,119.0,5.0,131.2,5.0,118.0,1.0,135.0,1.0,114.0,1.0,,,52.0,1.0,,,48.0,3.0,,
112,Germany_Baseload#19#0#10000106,2021-10-21 07:03:15.789000,125.5,1.0,126.0,1.0,125.25,1.0,126.25,1.0,125.1,1.0,126.75,1.0,125.0,2.0,127.0,1.0,124.5,1.0,130.0,1.0,121.75,1.0,131.2,5.0,119.0,5.0,135.0,1.0,118.0,1.0,,,114.0,1.0,,,52.0,1.0,,
113,Germany_Baseload#19#0#10000106,2021-10-21 07:03:15.790000,125.25,1.0,126.0,1.0,125.1,1.0,126.25,1.0,125.0,2.0,126.75,1.0,124.5,1.0,127.0,1.0,121.75,1.0,130.0,1.0,119.0,5.0,131.2,5.0,118.0,1.0,135.0,1.0,114.0,1.0,,,52.0,1.0,,,48.0,3.0,,
114,Germany_Baseload#19#0#10000106,2021-10-21 07:03:20.947000,125.25,1.0,126.0,1.0,125.1,1.0,126.25,1.0,125.0,2.0,126.75,1.0,124.5,1.0,127.0,1.0,121.75,1.0,130.0,1.0,119.0,5.0,131.4,5.0,118.0,1.0,135.0,1.0,114.0,1.0,,,52.0,1.0,,,48.0,3.0,,
115,Germany_Baseload#19#0#10000106,2021-10-21 07:03:30.377000,125.25,1.0,126.0,1.0,125.1,1.0,126.25,1.0,125.0,2.0,126.75,1.0,124.5,1.0,127.0,1.0,121.75,1.0,130.0,1.0,119.0,5.0,131.2,5.0,118.0,1.0,135.0,1.0,114.0,1.0,,,52.0,1.0,,,48.0,3.0,,
116,Germany_Baseload#19#0#10000106,2021-10-21 07:03:37.926000,125.1,1.0,126.0,1.0,125.0,2.0,126.25,1.0,124.5,1.0,126.75,1.0,121.75,1.0,127.0,1.0,119.0,5.0,130.0,1.0,118.0,1.0,131.2,5.0,114.0,1.0,135.0,1.0,52.0,1.0,,,48.0,3.0,,,,,,
117,Germany_Baseload#19#0#10000106,2021-10-21 07:03:39.839000,125.1,1.0,126.0,1.0,125.0,2.0,126.25,1.0,124.5,1.0,126.75,1.0,121.75,1.0,127.0,1.0,119.0,5.0,130.0,1.0,118.0,1.0,131.4,5.0,114.0,1.0,135.0,1.0,52.0,1.0,,,48.0,3.0,,,,,,
118,Germany_Baseload#19#0#10000106,2021-10-21 07:03:42.579000,125.1,1.0,126.0,1.0,125.0,2.0,126.25,1.0,124.5,1.0,126.75,1.0,121.75,1.0,127.0,1.0,119.0,5.0,130.0,1.0,118.0,1.0,131.4,5.0,114.0,1.0,135.0,1.0,52.0,1.0,,,48.0,3.0,,,,,,
119,Germany_Baseload#19#0#10000106,2021-10-21 07:03:42.705000,125.25,1.0,126.0,1.0,125.1,1.0,126.25,1.0,125.0,2.0,126.75,1.0,124.5,1.0,127.0,1.0,121.75,1.0,130.0,1.0,119.0,5.0,131.4,5.0,118.0,1.0,135.0,1.0,114.0,1.0,,,52.0,1.0,,,48.0,3.0,,
120,Germany_Baseload#19#0#10000106,2021-10-21 07:03:49.069000,125.25,1.0,126.0,1.0,125.1,1.0,126.25,1.0,125.0,2.0,126.75,1.0,124.5,1.0,127.0,1.0,121.75,1.0,130.0,1.0,119.0,5.0,131.2,5.0,118.0,1.0,135.0,1.0,114.0,1.0,,,52.0,1.0,,,48.0,3.0,,
121,Germany_Baseload#19#0#10000106,2021-10-21 07:03:53.056000,125.25,1.0,126.0,1.0,125.1,1.0,126.25,1.0,125.0,2.0,126.75,1.0,124.5,1.0,127.0,1.0,121.75,1.0,130.0,1.0,119.0,5.0,135.0,1.0,118.0,1.0,,,114.0,1.0,,,52.0,1.0,,,48.0,3.0,,
122,Germany_Baseload#19#0#10000106,2021-10-21 07:03:53.244000,125.25,1.0,126.0,1.0,125.1,1.0,126.25,1.0,125.0,2.0,126.75,1.0,124.5,1.0,127.0,1.0,121.75,1.0,130.0,1.0,119.0,5.0,131.2,5.0,118.0,1.0,135.0,1.0,114.0,1.0,,,52.0,1.0,,,48.0,3.0,,
123,Germany_Baseload#19#0#10000106,2021-10-21 07:04:04.210000,125.25,1.0,126.0,1.0,125.1,1.0,126.25,1.0,125.0,2.0,126.75,1.0,124.5,1.0,127.0,1.0,121.75,1.0,130.0,1.0,119.0,5.0,131.2,5.0,118.0,1.0,135.0,1.0,114.0,1.0,,,52.0,1.0,,,48.0,3.0,,
124,Germany_Baseload#19#0#10000106,2021-10-21 07:04:09.799000,125.25,1.0,126.0,2.0,125.1,1.0,126.25,1.0,125.0,2.0,126.75,1.0,124.5,1.0,127.0,1.0,121.75,1.0,130.0,1.0,119.0,5.0,135.0,1.0,118.0,1.0,,,114.0,1.0,,,52.0,1.0,,,48.0,3.0,,
125,Germany_Baseload#19#0#10000106,2021-10-21 07:04:10.094000,125.25,1.0,126.0,2.0,125.1,1.0,126.25,1.0,125.0,2.0,126.75,1.0,124.5,1.0,127.0,1.0,121.75,1.0,130.0,1.0,119.0,5.0,131.2,5.0,118.0,1.0,135.0,1.0,114.0,1.0,,,52.0,1.0,,,48.0,3.0,,
126,Germany_Baseload#19#0#10000106,2021-10-21 07:04:10.355000,125.25,1.0,126.0,2.0,125.1,1.0,126.25,1.0,125.0,2.0,126.75,1.0,124.5,1.0,127.0,1.0,121.75,1.0,130.0,1.0,119.0,5.0,131.0,5.0,118.0,1.0,135.0,1.0,114.0,1.0,,,52.0,1.0,,,48.0,3.0,,
127,Germany_Baseload#19#0#10000106,2021-10-21 07:04:39.270000,125.25,2.0,126.0,2.0,125.1,1.0,126.25,1.0,125.0,2.0,126.75,1.0,124.5,1.0,127.0,1.0,121.75,1.0,130.0,1.0,119.0,5.0,131.0,5.0,118.0,1.0,135.0,1.0,114.0,1.0,,,52.0,1.0,,,48.0,3.0,,
128,Germany_Baseload#19#0#10000106,2021-10-21 07:04:52.493000,125.25,2.0,126.0,2.0,125.1,1.0,126.25,1.0,125.0,2.0,126.75,1.0,124.5,1.0,127.0,1.0,121.75,1.0,130.0,1.0,119.0,5.0,135.0,1.0,118.0,1.0,,,114.0,1.0,,,52.0,1.0,,,48.0,3.0,,
129,Germany_Baseload#19#0#10000106,2021-10-21 07:04:52.771000,125.25,2.0,126.0,2.0,125.1,1.0,126.25,1.0,125.0,2.0,126.75,1.0,124.5,1.0,127.0,1.0,121.75,1.0,130.0,1.0,119.0,5.0,131.2,5.0,118.0,1.0,135.0,1.0,114.0,1.0,,,52.0,1.0,,,48.0,3.0,,
130,Germany_Baseload#19#0#10000106,2021-10-21 07:06:07.084000,125.25,2.0,126.0,2.0,125.1,1.0,126.25,1.0,125.0,1.0,126.75,1.0,124.5,1.0,127.0,1.0,121.75,1.0,130.0,1.0,119.0,5.0,131.2,5.0,118.0,1.0,135.0,1.0,114.0,1.0,,,52.0,1.0,,,48.0,3.0,,
131,Germany_Baseload#19#0#10000106,2021-10-21 07:06:07.115000,125.25,3.0,126.0,2.0,125.1,1.0,126.25,1.0,125.0,1.0,126.75,1.0,124.5,1.0,127.0,1.0,121.75,1.0,130.0,1.0,119.0,5.0,131.2,5.0,118.0,1.0,135.0,1.0,114.0,1.0,,,52.0,1.0,,,48.0,3.0,,
132,Germany_Baseload#19#0#10000106,2021-10-21 07:06:40.235000,125.25,2.0,126.0,2.0,125.1,1.0,126.25,1.0,125.0,1.0,126.75,1.0,124.5,1.0,127.0,1.0,121.75,1.0,130.0,1.0,119.0,5.0,131.2,5.0,118.0,1.0,135.0,1.0,114.0,1.0,,,52.0,1.0,,,48.0,3.0,,
133,Germany_Baseload#19#0#10000106,2021-10-21 07:06:40.297000,125.25,2.0,126.0,1.0,125.1,1.0,126.25,1.0,125.0,1.0,126.75,1.0,124.5,1.0,127.0,1.0,121.75,1.0,130.0,1.0,119.0,5.0,131.2,5.0,118.0,1.0,135.0,1.0,114.0,1.0,,,52.0,1.0,,,48.0,3.0,,
134,Germany_Baseload#19#0#10000106,2021-10-21 07:06:44.141000,125.25,2.0,126.25,1.0,125.1,1.0,126.75,1.0,125.0,1.0,127.0,1.0,124.5,1.0,130.0,1.0,121.75,1.0,131.2,5.0,119.0,5.0,135.0,1.0,118.0,1.0,,,114.0,1.0,,,52.0,1.0,,,48.0,3.0,,
135,Germany_Baseload#19#0#10000106,2021-10-21 07:07:22.733000,125.5,1.0,126.25,1.0,125.25,2.0,126.75,1.0,125.1,1.0,127.0,1.0,125.0,1.0,130.0,1.0,124.5,1.0,131.2,5.0,121.75,1.0,135.0,1.0,119.0,5.0,,,118.0,1.0,,,114.0,1.0,,,52.0,1.0,,
136,Germany_Baseload#19#0#10000106,2021-10-21 07:07:32.972000,125.5,1.0,126.25,1.0,125.25,2.0,126.75,1.0,125.1,1.0,127.0,1.0,125.0,1.0,130.0,1.0,124.5,1.0,131.2,5.0,121.75,1.0,135.0,1.0,119.0,5.0,,,118.0,1.0,,,114.0,1.0,,,52.0,1.0,,
137,Germany_Baseload#19#0#10000106,2021-10-21 07:07:53.754000,125.5,1.0,126.25,1.0,125.25,2.0,126.75,1.0,125.1,1.0,127.0,1.0,125.0,1.0,130.0,1.0,124.5,1.0,131.4,5.0,121.75,1.0,135.0,1.0,119.0,5.0,,,118.0,1.0,,,114.0,1.0,,,52.0,1.0,,
138,Germany_Baseload#19#0#10000106,2021-10-21 07:08:10.609000,125.5,1.0,126.25,1.0,125.25,2.0,126.75,1.0,125.1,1.0,127.0,1.0,125.0,1.0,130.0,1.0,124.5,1.0,131.2,5.0,121.75,1.0,135.0,1.0,119.0,5.0,,,118.0,1.0,,,114.0,1.0,,,52.0,1.0,,
139,Germany_Baseload#19#0#10000106,2021-10-21 07:08:19.563000,125.5,1.0,126.25,1.0,125.25,2.0,126.75,1.0,125.1,1.0,127.0,1.0,125.0,1.0,130.0,1.0,124.5,1.0,131.4,5.0,121.75,1.0,135.0,1.0,119.0,5.0,,,118.0,1.0,,,114.0,1.0,,,52.0,1.0,,
140,Germany_Baseload#19#0#10000106,2021-10-21 07:08:30.844000,125.5,1.0,126.25,1.0,125.25,2.0,126.75,1.0,125.1,1.0,127.0,1.0,125.0,1.0,130.0,1.0,124.5,1.0,131.2,5.0,121.75,1.0,135.0,1.0,119.0,5.0,,,118.0,1.0,,,114.0,1.0,,,52.0,1.0,,
141,Germany_Baseload#19#0#10000106,2021-10-21 07:08:39.410000,125.5,1.0,126.0,1.0,125.25,2.0,126.25,1.0,125.1,1.0,126.75,1.0,125.0,1.0,127.0,1.0,124.5,1.0,130.0,1.0,121.75,1.0,131.2,5.0,119.0,5.0,135.0,1.0,118.0,1.0,,,114.0,1.0,,,52.0,1.0,,
142,Germany_Baseload#19#0#10000106,2021-10-21 07:10:19.669000,125.5,1.0,126.0,2.0,125.25,2.0,126.25,1.0,125.1,1.0,126.75,1.0,125.0,1.0,127.0,1.0,124.5,1.0,130.0,1.0,121.75,1.0,131.2,5.0,119.0,5.0,135.0,1.0,118.0,1.0,,,114.0,1.0,,,52.0,1.0,,
143,Germany_Baseload#19#0#10000106,2021-10-21 07:10:37.729000,125.5,1.0,126.0,2.0,125.25,2.0,126.25,1.0,125.1,1.0,126.75,1.0,125.0,1.0,127.0,1.0,124.5,1.0,130.0,1.0,121.75,1.0,131.4,5.0,119.0,5.0,135.0,1.0,118.0,1.0,,,114.0,1.0,,,52.0,1.0,,
144,Germany_Baseload#19#0#10000106,2021-10-21 07:10:37.936000,125.5,1.0,126.0,2.0,125.25,2.0,126.25,1.0,125.1,1.0,126.75,1.0,125.0,1.0,127.0,1.0,124.5,1.0,130.0,1.0,121.75,1.0,131.2,5.0,119.0,5.0,135.0,1.0,118.0,1.0,,,114.0,1.0,,,52.0,1.0,,
145,Germany_Baseload#19#0#10000106,2021-10-21 07:11:01.576000,125.5,1.0,126.0,1.0,125.25,2.0,126.25,1.0,125.1,1.0,126.75,1.0,125.0,1.0,127.0,1.0,124.5,1.0,130.0,1.0,121.75,1.0,131.2,5.0,119.0,5.0,135.0,1.0,118.0,1.0,,,114.0,1.0,,,52.0,1.0,,
146,Germany_Baseload#19#0#10000106,2021-10-21 07:11:01.587000,125.5,1.0,126.0,1.0,125.25,2.0,126.25,1.0,125.1,1.0,126.75,1.0,125.0,1.0,127.0,1.0,124.5,1.0,130.0,1.0,121.75,1.0,131.2,5.0,119.0,5.0,135.0,1.0,118.0,1.0,,,114.0,1.0,,,52.0,1.0,,
147,Germany_Baseload#19#0#10000106,2021-10-21 07:11:16.123000,125.5,1.0,126.0,2.0,125.25,2.0,126.25,1.0,125.1,1.0,126.75,1.0,125.0,1.0,127.0,1.0,124.5,1.0,130.0,1.0,121.75,1.0,131.4,5.0,119.0,5.0,135.0,1.0,118.0,1.0,,,114.0,1.0,,,52.0,1.0,,
148,Germany_Baseload#19#0#10000106,2021-10-21 07:11:52.294000,125.5,1.0,126.0,1.0,125.25,2.0,126.25,1.0,125.1,1.0,126.75,1.0,125.0,1.0,127.0,1.0,124.5,1.0,130.0,1.0,121.75,1.0,131.4,5.0,119.0,5.0,135.0,1.0,118.0,1.0,,,114.0,1.0,,,52.0,1.0,,
149,Germany_Baseload#19#0#10000106,2021-10-21 07:12:22.917000,125.5,1.0,126.0,1.0,125.25,2.0,126.25,1.0,125.1,1.0,126.75,1.0,125.0,1.0,127.0,1.0,124.5,1.0,130.0,1.0,121.75,1.0,131.2,5.0,119.0,5.0,135.0,1.0,118.0,1.0,,,114.0,1.0,,,52.0,1.0,,
150,Germany_Baseload#19#0#10000106,2021-10-21 07:12:32.314000,125.5,1.0,126.0,1.0,125.25,2.0,126.25,1.0,125.1,1.0,126.75,1.0,125.0,1.0,127.0,1.0,124.5,1.0,130.0,1.0,121.75,1.0,135.0,1.0,119.0,5.0,,,118.0,1.0,,,114.0,1.0,,,52.0,1.0,,
151,Germany_Baseload#19#0#10000106,2021-10-21 07:12:35.972000,125.5,1.0,126.0,1.0,125.25,2.0,126.25,1.0,125.1,1.0,126.75,1.0,125.0,1.0,127.0,1.0,124.5,1.0,130.0,1.0,121.75,1.0,131.2,5.0,119.0,5.0,135.0,1.0,118.0,1.0,,,114.0,1.0,,,52.0,1.0,,
152,Germany_Baseload#19#0#10000106,2021-10-21 07:12:48.300000,125.5,1.0,126.0,1.0,125.25,2.0,126.25,1.0,125.1,1.0,126.75,1.0,125.0,1.0,127.0,1.0,124.5,1.0,130.0,1.0,121.75,1.0,131.0,5.0,119.0,5.0,135.0,1.0,118.0,1.0,,,114.0,1.0,,,52.0,1.0,,
153,Germany_Baseload#19#0#10000106,2021-10-21 07:13:21.324000,125.5,1.0,126.25,1.0,125.25,2.0,126.75,1.0,125.1,1.0,127.0,1.0,125.0,1.0,130.0,1.0,124.5,1.0,131.0,5.0,121.75,1.0,135.0,1.0,119.0,5.0,,,118.0,1.0,,,114.0,1.0,,,52.0,1.0,,
154,Germany_Baseload#19#0#10000106,2021-10-21 07:13:25.252000,125.5,1.0,126.25,1.0,125.25,2.0,126.75,1.0,125.1,1.0,127.0,1.0,125.0,1.0,130.0,1.0,124.5,1.0,130.8,5.0,121.75,1.0,135.0,1.0,119.0,5.0,,,118.0,1.0,,,114.0,1.0,,,52.0,1.0,,
155,Germany_Baseload#19#0#10000106,2021-10-21 07:13:29.650000,125.5,1.0,126.25,1.0,125.25,2.0,126.75,1.0,125.1,1.0,127.0,1.0,125.0,1.0,130.0,1.0,124.5,1.0,131.0,5.0,121.75,1.0,135.0,1.0,119.0,5.0,,,118.0,1.0,,,114.0,1.0,,,52.0,1.0,,
156,Germany_Baseload#19#0#10000106,2021-10-21 07:13:33.219000,125.25,1.0,126.0,1.0,125.1,1.0,126.25,1.0,125.0,1.0,126.75,1.0,124.5,1.0,127.0,1.0,121.75,1.0,130.0,1.0,119.0,5.0,135.0,1.0,118.0,1.0,135.8,5.0,114.0,1.0,,,52.0,1.0,,,48.0,3.0,,
157,Germany_Baseload#19#0#10000106,2021-10-21 07:13:39.353000,125.5,1.0,126.25,1.0,125.25,2.0,126.75,1.0,125.1,1.0,127.0,1.0,125.0,1.0,130.0,1.0,124.5,1.0,130.8,5.0,121.75,1.0,135.0,1.0,119.0,5.0,,,118.0,1.0,,,114.0,1.0,,,52.0,1.0,,
158,Germany_Baseload#19#0#10000106,2021-10-21 07:13:40.351000,125.5,1.0,126.25,1.0,125.25,1.0,126.75,1.0,125.1,1.0,127.0,1.0,125.0,1.0,130.0,1.0,124.5,1.0,130.8,5.0,121.75,1.0,135.0,1.0,119.0,5.0,,,118.0,1.0,,,114.0,1.0,,,52.0,1.0,,
159,Germany_Baseload#19#0#10000106,2021-10-21 07:13:40.482000,125.5,2.0,126.25,1.0,125.25,1.0,126.75,1.0,125.1,1.0,127.0,1.0,125.0,1.0,130.0,1.0,124.5,1.0,130.8,5.0,121.75,1.0,135.0,1.0,119.0,5.0,,,118.0,1.0,,,114.0,1.0,,,52.0,1.0,,
160,Germany_Baseload#19#0#10000106,2021-10-21 07:13:43.148000,125.5,1.0,126.25,1.0,125.25,1.0,126.75,1.0,125.1,1.0,127.0,1.0,125.0,1.0,130.0,1.0,124.5,1.0,130.8,5.0,121.75,1.0,135.0,1.0,119.0,5.0,,,118.0,1.0,,,114.0,1.0,,,52.0,1.0,,
161,Germany_Baseload#19#0#10000106,2021-10-21 07:13:46.316000,125.5,1.0,126.25,1.0,125.25,1.0,126.75,1.0,125.1,1.0,127.0,1.0,125.0,1.0,130.0,1.0,124.5,1.0,130.4,5.0,121.75,1.0,135.0,1.0,119.0,5.0,,,118.0,1.0,,,114.0,1.0,,,52.0,1.0,,
162,Germany_Baseload#19#0#10000106,2021-10-21 07:13:51.320000,125.5,1.0,126.25,1.0,125.25,1.0,126.75,1.0,125.1,1.0,127.0,1.0,125.0,1.0,130.0,1.0,124.5,1.0,135.0,1.0,121.75,1.0,,,119.0,5.0,,,118.0,1.0,,,114.0,1.0,,,52.0,1.0,,
163,Germany_Baseload#19#0#10000106,2021-10-21 07:13:54.678000,125.25,1.0,126.25,1.0,125.1,1.0,126.75,1.0,125.0,1.0,127.0,1.0,124.5,1.0,130.0,1.0,121.75,1.0,135.0,1.0,119.0,5.0,,,118.0,1.0,,,114.0,1.0,,,52.0,1.0,,,48.0,3.0,,
164,Germany_Baseload#19#0#10000106,2021-10-21 07:13:59.991000,125.25,1.0,126.25,1.0,125.1,1.0,126.75,1.0,125.0,1.0,127.0,1.0,124.5,1.0,129.8,5.0,121.75,1.0,130.0,1.0,119.0,5.0,135.0,1.0,118.0,1.0,,,114.0,1.0,,,52.0,1.0,,,48.0,3.0,,
165,Germany_Baseload#19#0#10000106,2021-10-21 07:14:02.682000,125.25,1.0,126.25,1.0,125.1,1.0,126.75,1.0,125.0,1.0,127.0,1.0,124.5,1.0,130.0,1.0,121.75,1.0,135.0,1.0,119.0,5.0,135.8,5.0,118.0,1.0,,,114.0,1.0,,,52.0,1.0,,,48.0,3.0,,
166,Germany_Baseload#19#0#10000106,2021-10-21 07:14:04.213000,125.25,1.0,126.0,1.0,125.1,1.0,126.25,1.0,125.0,1.0,126.75,1.0,124.5,1.0,127.0,1.0,121.75,1.0,130.0,1.0,119.0,5.0,135.0,1.0,118.0,1.0,,,114.0,1.0,,,52.0,1.0,,,48.0,3.0,,
167,Germany_Baseload#19#0#10000106,2021-10-21 07:14:11.764000,125.1,1.0,126.0,1.0,125.0,1.0,126.25,1.0,124.5,1.0,126.75,1.0,121.75,1.0,127.0,1.0,119.0,5.0,130.0,1.0,118.0,1.0,135.0,1.0,114.0,1.0,,,52.0,1.0,,,48.0,3.0,,,,,,
168,Germany_Baseload#19#0#10000106,2021-10-21 07:14:11.800000,125.25,1.0,126.0,1.0,125.1,1.0,126.25,1.0,125.0,1.0,126.75,1.0,124.5,1.0,127.0,1.0,121.75,1.0,130.0,1.0,119.0,5.0,135.0,1.0,118.0,1.0,,,114.0,1.0,,,52.0,1.0,,,48.0,3.0,,
169,Germany_Baseload#19#0#10000106,2021-10-21 07:14:13.902000,125.25,1.0,126.0,1.0,125.1,1.0,126.25,1.0,125.0,1.0,126.75,1.0,124.5,1.0,127.0,1.0,121.75,1.0,129.8,5.0,119.0,5.0,130.0,1.0,118.0,1.0,135.0,1.0,114.0,1.0,,,52.0,1.0,,,48.0,3.0,,
170,Germany_Baseload#19#0#10000106,2021-10-21 07:14:17.134000,125.25,1.0,126.0,1.0,125.1,1.0,126.25,1.0,125.0,1.0,126.75,1.0,124.5,1.0,127.0,1.0,121.75,1.0,130.0,1.0,119.0,5.0,135.0,1.0,118.0,1.0,,,114.0,1.0,,,52.0,1.0,,,48.0,3.0,,
171,Germany_Baseload#19#0#10000106,2021-10-21 07:14:18.500000,125.25,1.0,126.0,1.0,125.1,1.0,126.25,1.0,125.0,1.0,126.75,1.0,124.5,1.0,127.0,1.0,123.5,1.0,130.0,1.0,121.75,1.0,135.0,1.0,119.0,5.0,,,118.0,1.0,,,114.0,1.0,,,52.0,1.0,,
172,Germany_Baseload#19#0#10000106,2021-10-21 07:14:21.925000,125.25,1.0,126.0,1.0,125.1,1.0,126.25,1.0,125.0,1.0,126.75,1.0,124.5,1.0,127.0,1.0,123.5,1.0,130.0,5.0,121.75,1.0,135.0,1.0,119.0,5.0,,,118.0,1.0,,,114.0,1.0,,,52.0,1.0,,
173,Germany_Baseload#19#0#10000106,2021-10-21 07:14:35.354000,125.25,1.0,126.0,1.0,125.1,1.0,126.25,1.0,125.0,1.0,126.75,1.0,124.5,1.0,127.0,1.0,123.5,1.0,130.0,5.0,122.0,1.0,135.0,1.0,121.75,1.0,,,119.0,5.0,,,118.0,1.0,,,114.0,1.0,,
174,Germany_Baseload#19#0#10000106,2021-10-21 07:14:40.810000,125.25,1.0,126.0,1.0,125.1,1.0,126.25,1.0,125.0,1.0,126.75,1.0,124.5,1.0,127.0,1.0,123.5,1.0,130.0,1.0,122.0,1.0,135.0,1.0,121.75,1.0,,,119.0,5.0,,,118.0,1.0,,,114.0,1.0,,
175,Germany_Baseload#19#0#10000106,2021-10-21 07:14:45.223000,125.25,1.0,126.0,1.0,125.1,1.0,126.25,1.0,125.0,1.0,126.75,1.0,124.5,1.0,127.0,1.0,123.5,1.0,129.8,5.0,122.0,1.0,130.0,1.0,121.75,1.0,135.0,1.0,119.0,5.0,,,118.0,1.0,,,114.0,1.0,,
176,Germany_Baseload#19#0#10000106,2021-10-21 07:14:48.074000,125.0,1.0,125.25,4.0,124.5,1.0,126.25,1.0,123.5,1.0,126.75,1.0,122.0,1.0,127.0,1.0,121.75,1.0,130.0,1.0,119.0,5.0,135.0,1.0,118.0,1.0,,,114.0,1.0,,,52.0,1.0,,,48.0,3.0,,
177,Germany_Baseload#19#0#10000106,2021-10-21 07:15:00.947000,125.25,1.0,126.0,1.0,125.1,1.0,126.25,1.0,125.0,1.0,126.75,1.0,124.5,1.0,127.0,1.0,123.5,1.0,129.6,5.0,122.0,1.0,130.0,1.0,121.75,1.0,135.0,1.0,119.0,5.0,,,118.0,1.0,,,114.0,1.0,,
178,Germany_Baseload#19#0#10000106,2021-10-21 07:15:05.131000,125.25,1.0,126.0,1.0,125.1,1.0,126.25,1.0,125.0,1.0,126.75,1.0,124.5,1.0,127.0,1.0,123.5,1.0,130.0,1.0,122.0,1.0,135.0,1.0,121.75,1.0,,,119.0,5.0,,,118.0,1.0,,,114.0,1.0,,
179,Germany_Baseload#19#0#10000106,2021-10-21 07:15:13.141000,125.1,1.0,126.0,1.0,125.0,1.0,126.25,1.0,124.5,1.0,126.75,1.0,123.5,1.0,127.0,1.0,122.0,1.0,130.0,1.0,121.75,1.0,135.0,1.0,119.0,5.0,,,118.0,1.0,,,114.0,1.0,,,52.0,1.0,,
180,Germany_Baseload#19#0#10000106,2021-10-21 07:15:13.428000,125.1,1.0,125.25,4.0,125.0,1.0,126.0,1.0,124.5,1.0,126.25,1.0,123.5,1.0,126.75,1.0,122.0,1.0,127.0,1.0,121.75,1.0,130.0,1.0,119.0,5.0,135.0,1.0,118.0,1.0,,,114.0,1.0,,,52.0,1.0,,
181,Germany_Baseload#19#0#10000106,2021-10-21 07:15:15.797000,125.0,1.0,125.25,4.0,124.5,1.0,126.0,1.0,123.5,1.0,126.25,1.0,122.0,1.0,126.75,1.0,121.75,1.0,127.0,1.0,119.0,5.0,130.0,1.0,118.0,1.0,135.0,1.0,114.0,1.0,,,52.0,1.0,,,48.0,3.0,,
182,Germany_Baseload#19#0#10000106,2021-10-21 07:15:18.884000,124.5,1.0,125.25,4.0,123.5,1.0,126.25,1.0,122.0,1.0,126.75,1.0,121.75,1.0,127.0,1.0,119.0,5.0,130.0,1.0,118.0,1.0,135.0,1.0,114.0,1.0,,,52.0,1.0,,,48.0,3.0,,,,,,
183,Germany_Baseload#19#0#10000106,2021-10-21 07:15:24.999000,124.5,1.0,125.25,4.0,124.0,1.0,126.25,1.0,123.5,1.0,126.75,1.0,122.0,1.0,127.0,1.0,121.75,1.0,130.0,1.0,119.0,5.0,135.0,1.0,118.0,1.0,,,114.0,1.0,,,52.0,1.0,,,48.0,3.0,,
184,Germany_Baseload#19#0#10000106,2021-10-21 07:15:33.876000,124.0,1.0,125.25,4.0,123.5,1.0,126.25,1.0,122.0,1.0,126.75,1.0,121.75,1.0,127.0,1.0,119.0,5.0,130.0,1.0,118.0,1.0,135.0,1.0,114.0,1.0,,,52.0,1.0,,,48.0,3.0,,,,,,
185,Germany_Baseload#19#0#10000106,2021-10-21 07:15:33.976000,124.0,1.0,125.25,4.0,123.5,1.0,126.25,1.0,122.45,1.0,126.75,1.0,122.0,1.0,127.0,1.0,121.75,1.0,130.0,1.0,119.0,5.0,135.0,1.0,118.0,1.0,,,114.0,1.0,,,52.0,1.0,,,48.0,3.0,,
186,Germany_Baseload#19#0#10000106,2021-10-21 07:15:40.418000,124.0,1.0,125.25,4.0,122.45,1.0,126.25,1.0,122.0,1.0,126.75,1.0,121.75,1.0,127.0,1.0,119.0,5.0,130.0,1.0,118.0,1.0,135.0,1.0,114.0,1.0,,,52.0,1.0,,,48.0,3.0,,,,,,
187,Germany_Baseload#19#0#10000106,2021-10-21 07:15:56.697000,124.5,1.0,125.25,4.0,124.0,1.0,126.25,1.0,122.45,1.0,126.75,1.0,122.0,1.0,127.0,1.0,121.75,1.0,130.0,1.0,119.0,5.0,135.0,1.0,118.0,1.0,,,114.0,1.0,,,52.0,1.0,,,48.0,3.0,,
188,Germany_Baseload#19#0#10000106,2021-10-21 07:15:59.903000,124.0,1.0,125.25,4.0,122.45,1.0,126.25,1.0,122.0,1.0,126.75,1.0,121.75,1.0,127.0,1.0,119.0,5.0,130.0,1.0,118.0,1.0,135.0,1.0,114.0,1.0,,,52.0,1.0,,,48.0,3.0,,,,,,
189,Germany_Baseload#19#0#10000106,2021-10-21 07:16:04.486000,124.0,1.0,125.25,4.0,122.1,1.0,126.25,1.0,122.0,1.0,126.75,1.0,121.75,1.0,127.0,1.0,119.0,5.0,130.0,1.0,118.0,1.0,135.0,1.0,114.0,1.0,,,52.0,1.0,,,48.0,3.0,,,,,,
190,Germany_Baseload#19#0#10000106,2021-10-21 07:16:09.157000,124.0,1.0,125.25,4.0,122.3,2.0,126.25,1.0,122.0,1.0,126.75,1.0,121.75,1.0,127.0,1.0,119.0,5.0,130.0,1.0,118.0,1.0,135.0,1.0,114.0,1.0,,,52.0,1.0,,,48.0,3.0,,,,,,
191,Germany_Baseload#19#0#10000106,2021-10-21 07:16:12.107000,124.0,1.0,125.25,4.0,122.3,2.0,125.75,1.0,122.0,1.0,126.25,1.0,121.75,1.0,126.75,1.0,119.0,5.0,127.0,1.0,118.0,1.0,130.0,1.0,114.0,1.0,135.0,1.0,52.0,1.0,,,48.0,3.0,,,,,,
192,Germany_Baseload#19#0#10000106,2021-10-21 07:16:12.497000,124.0,1.0,125.25,4.0,122.3,2.0,125.75,1.0,121.75,1.0,126.25,1.0,119.0,5.0,126.75,1.0,118.0,1.0,127.0,1.0,114.0,1.0,130.0,1.0,52.0,1.0,135.0,1.0,48.0,3.0,,,,,,,,,,
193,Germany_Baseload#19#0#10000106,2021-10-21 07:16:14.333000,122.3,2.0,125.25,4.0,121.75,1.0,125.75,1.0,119.0,5.0,126.25,1.0,118.0,1.0,126.75,1.0,114.0,1.0,127.0,1.0,52.0,1.0,130.0,1.0,48.0,3.0,135.0,1.0,,,,,,,,,,,,
194,Germany_Baseload#19#0#10000106,2021-10-21 07:16:16.308000,122.1,1.0,125.25,4.0,121.75,1.0,125.75,1.0,119.0,5.0,126.25,1.0,118.0,1.0,126.75,1.0,114.0,1.0,127.0,1.0,52.0,1.0,130.0,1.0,48.0,3.0,135.0,1.0,,,,,,,,,,,,
195,Germany_Baseload#19#0#10000106,2021-10-21 07:16:20.533000,121.75,1.0,125.25,4.0,119.0,5.0,125.75,1.0,118.0,1.0,126.25,1.0,115.5,1.0,126.75,1.0,114.0,1.0,127.0,1.0,52.0,1.0,130.0,1.0,48.0,3.0,135.0,1.0,,,,,,,,,,,,
196,Germany_Baseload#19#0#10000106,2021-10-21 07:16:23.295000,122.3,1.0,125.25,4.0,121.75,1.0,125.75,1.0,119.0,5.0,126.25,1.0,118.0,1.0,126.75,1.0,115.5,1.0,127.0,1.0,114.0,1.0,130.0,1.0,52.0,1.0,135.0,1.0,48.0,3.0,,,,,,,,,,
197,Germany_Baseload#19#0#10000106,2021-10-21 07:16:23.296000,122.3,1.0,125.25,4.0,121.75,1.0,125.75,1.0,119.0,5.0,126.25,1.0,118.0,1.0,126.75,1.0,114.0,1.0,127.0,1.0,52.0,1.0,130.0,1.0,48.0,3.0,135.0,1.0,,,,,,,,,,,,
198,Germany_Baseload#19#0#10000106,2021-10-21 07:16:25.126000,121.75,1.0,125.25,4.0,119.0,5.0,125.75,1.0,118.0,1.0,126.25,1.0,114.0,1.0,126.75,1.0,52.0,1.0,127.0,1.0,48.0,3.0,130.0,1.0,,,135.0,1.0,,,,,,,,,,,,
199,Germany_Baseload#19#0#10000106,2021-10-21 07:16:25.127000,121.75,1.0,125.25,4.0,119.0,5.0,125.75,1.0,118.0,1.0,126.25,1.0,115.5,1.0,126.75,1.0,114.0,1.0,127.0,1.0,52.0,1.0,130.0,1.0,48.0,3.0,135.0,1.0,,,,,,,,,,,,
200,Germany_Baseload#19#0#10000106,2021-10-21 07:16:30.425000,122.0,1.0,125.25,4.0,121.75,1.0,125.75,1.0,119.0,5.0,126.25,1.0,118.0,1.0,126.75,1.0,115.5,1.0,127.0,1.0,114.0,1.0,130.0,1.0,52.0,1.0,135.0,1.0,48.0,3.0,,,,,,,,,,
201,Germany_Baseload#19#0#10000106,2021-10-21 07:16:38.037000,122.0,1.0,124.0,1.0,121.75,1.0,125.25,4.0,119.0,5.0,125.75,1.0,118.0,1.0,126.25,1.0,115.5,1.0,126.75,1.0,114.0,1.0,127.0,1.0,52.0,1.0,130.0,1.0,48.0,3.0,135.0,1.0,,,,,,,,
202,Germany_Baseload#19#0#10000106,2021-10-21 07:16:41.290000,122.0,2.0,124.0,1.0,121.75,1.0,125.25,4.0,119.0,5.0,125.75,1.0,118.0,1.0,126.25,1.0,115.5,1.0,126.75,1.0,114.0,1.0,127.0,1.0,52.0,1.0,130.0,1.0,48.0,3.0,135.0,1.0,,,,,,,,
203,Germany_Baseload#19#0#10000106,2021-10-21 07:16:41.291000,122.0,2.0,124.0,1.0,121.75,1.0,125.25,4.0,119.0,5.0,125.75,1.0,118.0,1.0,126.25,1.0,114.0,1.0,126.75,1.0,52.0,1.0,127.0,1.0,48.0,3.0,130.0,1.0,,,135.0,1.0,,,,,,,,
204,Germany_Baseload#19#0#10000106,2021-10-21 07:16:44.484000,122.3,2.0,124.0,1.0,122.0,1.0,125.25,4.0,121.75,1.0,125.75,1.0,119.0,5.0,126.25,1.0,118.0,1.0,126.75,1.0,114.0,1.0,127.0,1.0,52.0,1.0,130.0,1.0,48.0,3.0,135.0,1.0,,,,,,,,
205,Germany_Baseload#19#0#10000106,2021-10-21 07:16:52.506000,122.3,2.0,124.0,1.0,121.75,1.0,125.25,4.0,119.0,5.0,125.75,1.0,118.0,1.0,126.25,1.0,114.0,1.0,126.75,1.0,52.0,1.0,127.0,1.0,48.0,3.0,130.0,1.0,,,135.0,1.0,,,,,,,,
206,Germany_Baseload#19#0#10000106,2021-10-21 07:16:52.628000,122.5,1.0,124.0,1.0,122.3,2.0,125.25,4.0,121.75,1.0,125.75,1.0,119.0,5.0,126.25,1.0,118.0,1.0,126.75,1.0,114.0,1.0,127.0,1.0,52.0,1.0,130.0,1.0,48.0,3.0,135.0,1.0,,,,,,,,
207,Germany_Baseload#19#0#10000106,2021-10-21 07:16:54.480000,122.5,3.0,124.0,1.0,121.75,1.0,125.25,4.0,119.0,5.0,125.75,1.0,118.0,1.0,126.25,1.0,114.0,1.0,126.75,1.0,52.0,1.0,127.0,1.0,48.0,3.0,130.0,1.0,,,135.0,1.0,,,,,,,,
208,Germany_Baseload#19#0#10000106,2021-10-21 07:17:12.366000,122.5,3.0,125.25,4.0,121.75,1.0,125.75,1.0,119.0,5.0,126.25,1.0,118.0,1.0,126.75,1.0,114.0,1.0,127.0,1.0,52.0,1.0,130.0,1.0,48.0,3.0,135.0,1.0,,,,,,,,,,,,
209,Germany_Baseload#19#0#10000106,2021-10-21 07:17:21.235000,122.5,3.0,125.75,1.0,121.75,1.0,126.0,4.0,119.0,5.0,126.25,1.0,118.0,1.0,126.75,1.0,114.0,1.0,127.0,1.0,52.0,1.0,130.0,1.0,48.0,3.0,135.0,1.0,,,,,,,,,,,,
210,Germany_Baseload#19#0#10000106,2021-10-21 07:17:21.859000,124.0,1.0,125.75,1.0,122.5,3.0,126.0,4.0,121.75,1.0,126.25,1.0,119.0,5.0,126.75,1.0,118.0,1.0,127.0,1.0,114.0,1.0,130.0,1.0,52.0,1.0,135.0,1.0,48.0,3.0,,,,,,,,,,
211,Germany_Baseload#19#0#10000106,2021-10-21 07:17:22.061000,124.0,1.0,125.75,1.0,122.5,3.0,126.0,4.0,122.3,2.0,126.25,1.0,121.75,1.0,126.75,1.0,119.0,5.0,127.0,1.0,118.0,1.0,130.0,1.0,114.0,1.0,135.0,1.0,52.0,1.0,,,48.0,3.0,,,,,,
212,Germany_Baseload#19#0#10000106,2021-10-21 07:17:22.062000,124.0,1.0,125.75,1.0,122.5,1.0,126.0,4.0,122.3,2.0,126.25,1.0,121.75,1.0,126.75,1.0,119.0,5.0,127.0,1.0,118.0,1.0,130.0,1.0,114.0,1.0,135.0,1.0,52.0,1.0,,,48.0,3.0,,,,,,
213,Germany_Baseload#19#0#10000106,2021-10-21 07:17:26.099000,124.0,1.0,125.75,1.0,122.5,1.0,126.0,4.0,122.3,2.0,126.25,1.0,121.75,1.0,126.75,1.0,119.0,5.0,127.0,1.0,118.0,1.0,130.0,1.0,114.0,1.0,135.0,1.0,52.0,1.0,,,48.0,3.0,,,,,,
214,Germany_Baseload#19#0#10000106,2021-10-21 07:18:45.512000,124.0,2.0,125.75,1.0,122.5,1.0,126.0,4.0,121.75,1.0,126.25,1.0,119.0,5.0,126.75,1.0,118.0,1.0,127.0,1.0,114.0,1.0,130.0,1.0,52.0,1.0,135.0,1.0,48.0,3.0,,,,,,,,,,
215,Germany_Baseload#19#0#10000106,2021-10-21 07:18:47.716000,124.0,2.0,125.75,1.0,122.5,1.0,126.0,4.0,121.75,1.0,126.25,1.0,119.0,5.0,126.75,1.0,114.0,1.0,127.0,1.0,52.0,1.0,130.0,1.0,48.0,3.0,135.0,1.0,,,,,,,,,,,,
216,Germany_Baseload#19#0#10000106,2021-10-21 07:19:01.150000,124.0,1.0,125.75,1.0,122.5,1.0,126.0,4.0,121.75,1.0,126.25,1.0,119.0,5.0,126.75,1.0,114.0,1.0,127.0,1.0,52.0,1.0,130.0,1.0,48.0,3.0,135.0,1.0,,,,,,,,,,,,
217,Germany_Baseload#19#0#10000106,2021-10-21 07:19:01.151000,124.0,1.0,125.75,1.0,122.5,1.0,126.0,4.0,121.75,1.0,126.25,1.0,120.55,1.0,126.75,1.0,119.0,5.0,127.0,1.0,114.0,1.0,130.0,1.0,52.0,1.0,135.0,1.0,48.0,3.0,,,,,,,,,,
218,Germany_Baseload#19#0#10000106,2021-10-21 07:19:01.247000,124.0,1.0,125.75,1.0,122.5,1.0,126.0,4.0,122.05,2.0,126.25,1.0,121.75,1.0,126.75,1.0,120.55,1.0,127.0,1.0,119.0,5.0,130.0,1.0,114.0,1.0,135.0,1.0,52.0,1.0,,,48.0,3.0,,,,,,
219,Germany_Baseload#19#0#10000106,2021-10-21 07:19:01.248000,124.0,1.0,125.75,1.0,122.5,1.0,126.0,4.0,122.05,2.0,126.25,1.0,121.75,1.0,126.75,1.0,119.0,5.0,127.0,1.0,114.0,1.0,130.0,1.0,52.0,1.0,135.0,1.0,48.0,3.0,,,,,,,,,,
220,Germany_Baseload#19#0#10000106,2021-10-21 07:19:07.858000,123.75,1.0,125.75,1.0,122.5,1.0,126.0,4.0,122.05,2.0,126.25,1.0,121.75,1.0,126.75,1.0,119.0,5.0,127.0,1.0,114.0,1.0,130.0,1.0,52.0,1.0,135.0,1.0,48.0,3.0,,,,,,,,,,
221,Germany_Baseload#19#0#10000106,2021-10-21 07:19:08.383000,123.75,1.0,125.75,1.0,122.5,1.0,126.0,4.0,122.3,2.0,126.25,1.0,121.75,1.0,126.75,1.0,119.0,5.0,127.0,1.0,114.0,1.0,130.0,1.0,52.0,1.0,135.0,1.0,48.0,3.0,,,,,,,,,,
222,Germany_Baseload#19#0#10000106,2021-10-21 07:19:16.467000,123.75,1.0,125.5,1.0,122.5,1.0,125.75,1.0,122.3,2.0,126.0,4.0,121.75,1.0,126.25,1.0,119.0,5.0,126.75,1.0,114.0,1.0,127.0,1.0,52.0,1.0,130.0,1.0,48.0,3.0,135.0,1.0,,,,,,,,
223,Germany_Baseload#19#0#10000106,2021-10-21 07:20:11.642000,123.75,1.0,125.5,6.0,122.5,1.0,125.75,1.0,122.3,2.0,126.0,4.0,121.75,1.0,126.25,1.0,119.0,5.0,126.75,1.0,114.0,1.0,127.0,1.0,52.0,1.0,130.0,1.0,48.0,3.0,135.0,1.0,,,,,,,,
224,Germany_Baseload#19#0#10000106,2021-10-21 07:21:37.427000,123.55,1.0,125.5,6.0,123.5,1.0,125.75,1.0,122.5,1.0,126.0,4.0,122.3,2.0,126.25,1.0,121.75,1.0,126.75,1.0,119.0,5.0,127.0,1.0,114.0,1.0,130.0,1.0,52.0,1.0,135.0,1.0,48.0,3.0,,,,,,
225,Germany_Baseload#19#0#10000106,2021-10-21 07:21:47.851000,123.75,1.0,125.5,6.0,123.5,1.0,125.75,1.0,122.5,1.0,126.0,4.0,122.3,2.0,126.25,1.0,121.75,1.0,126.75,1.0,119.0,5.0,127.0,1.0,114.0,1.0,130.0,1.0,52.0,1.0,135.0,1.0,48.0,3.0,,,,,,
226,Germany_Baseload#19#0#10000106,2021-10-21 07:21:49.745000,123.75,1.0,124.0,1.0,123.5,1.0,125.5,6.0,122.5,1.0,125.75,1.0,122.3,2.0,126.0,4.0,121.75,1.0,126.25,1.0,119.0,5.0,126.75,1.0,114.0,1.0,127.0,1.0,52.0,1.0,130.0,1.0,48.0,3.0,135.0,1.0,,,,
227,Germany_Baseload#19#0#10000106,2021-10-21 07:21:59.870000,123.75,1.0,125.5,6.0,123.5,1.0,125.75,1.0,122.5,1.0,126.0,4.0,122.3,2.0,126.25,1.0,121.75,1.0,126.75,1.0,119.0,5.0,127.0,1.0,114.0,1.0,130.0,1.0,52.0,1.0,135.0,1.0,48.0,3.0,,,,,,
228,Germany_Baseload#19#0#10000106,2021-10-21 07:22:02.982000,123.55,1.0,125.5,6.0,123.5,1.0,125.75,1.0,122.5,1.0,126.0,4.0,122.3,2.0,126.25,1.0,121.75,1.0,126.75,1.0,119.0,5.0,127.0,1.0,114.0,1.0,130.0,1.0,52.0,1.0,135.0,1.0,48.0,3.0,,,,,,
229,Germany_Baseload#19#0#10000106,2021-10-21 07:22:31.702000,123.55,1.0,125.5,6.0,123.5,1.0,125.75,1.0,122.5,1.0,126.0,4.0,122.3,1.0,126.25,1.0,121.75,1.0,126.75,1.0,119.0,5.0,127.0,1.0,114.0,1.0,130.0,1.0,52.0,1.0,135.0,1.0,48.0,3.0,,,,,,
230,Germany_Baseload#19#0#10000106,2021-10-21 07:22:31.796000,123.55,1.0,125.5,6.0,123.5,1.0,125.75,1.0,122.5,1.0,126.0,4.0,122.3,2.0,126.25,1.0,121.75,1.0,126.75,1.0,119.0,5.0,127.0,1.0,114.0,1.0,130.0,1.0,52.0,1.0,135.0,1.0,48.0,3.0,,,,,,
231,Germany_Baseload#19#0#10000106,2021-10-21 07:22:34.755000,123.55,1.0,125.5,6.0,123.5,1.0,125.75,1.0,122.5,1.0,126.0,4.0,122.3,1.0,126.25,1.0,121.75,1.0,126.75,1.0,119.0,5.0,127.0,1.0,114.0,1.0,130.0,1.0,52.0,1.0,135.0,1.0,48.0,3.0,,,,,,
232,Germany_Baseload#19#0#10000106,2021-10-21 07:22:34.848000,123.55,1.0,125.5,6.0,123.5,1.0,125.75,1.0,122.5,1.0,126.0,4.0,122.3,2.0,126.25,1.0,121.75,1.0,126.75,1.0,119.0,5.0,127.0,1.0,114.0,1.0,130.0,1.0,52.0,1.0,135.0,1.0,48.0,3.0,,,,,,
233,Germany_Baseload#19#0#10000106,2021-10-21 07:22:37.952000,123.55,1.0,125.5,6.0,123.5,1.0,125.75,1.0,122.5,1.0,126.0,4.0,122.3,1.0,126.25,1.0,121.75,1.0,126.75,1.0,119.0,5.0,127.0,1.0,114.0,1.0,130.0,1.0,52.0,1.0,135.0,1.0,48.0,3.0,,,,,,
234,Germany_Baseload#19#0#10000106,2021-10-21 07:22:46.856000,123.55,1.0,125.5,6.0,123.5,1.0,125.75,1.0,122.5,1.0,126.0,4.0,122.05,1.0,126.25,1.0,121.75,1.0,126.75,1.0,119.0,5.0,127.0,1.0,114.0,1.0,130.0,1.0,52.0,1.0,135.0,1.0,48.0,3.0,,,,,,
235,Germany_Baseload#19#0#10000106,2021-10-21 07:23:28.402000,123.55,1.0,125.5,6.0,123.5,1.0,125.75,1.0,122.5,1.0,126.0,4.0,122.05,1.0,126.25,1.0,121.8,1.0,126.75,1.0,121.75,1.0,127.0,1.0,119.0,5.0,130.0,1.0,114.0,1.0,135.0,1.0,52.0,1.0,,,48.0,3.0,,
236,Germany_Baseload#19#0#10000106,2021-10-21 07:23:28.403000,123.55,1.0,125.5,6.0,123.5,1.0,125.75,1.0,122.5,1.0,126.0,4.0,121.8,1.0,126.25,1.0,121.75,1.0,126.75,1.0,119.0,5.0,127.0,1.0,114.0,1.0,130.0,1.0,52.0,1.0,135.0,1.0,48.0,3.0,,,,,,
237,Germany_Baseload#19#0#10000106,2021-10-21 07:23:29.980000,123.55,1.0,125.5,6.0,123.5,1.0,125.75,1.0,122.5,1.0,126.0,4.0,122.05,1.0,126.25,1.0,121.75,1.0,126.75,1.0,119.0,5.0,127.0,1.0,114.0,1.0,130.0,1.0,52.0,1.0,135.0,1.0,48.0,3.0,,,,,,
238,Germany_Baseload#19#0#10000106,2021-10-21 07:24:16.439000,123.55,1.0,125.5,6.0,123.5,1.0,125.75,1.0,122.5,1.0,126.0,4.0,122.05,1.0,126.25,1.0,121.75,1.0,126.75,1.0,119.0,5.0,127.0,1.0,114.0,1.0,130.0,1.0,52.0,1.0,135.0,1.0,48.0,3.0,,,,,,
239,Germany_Baseload#19#0#10000106,2021-10-21 07:24:16.440000,123.55,1.0,125.5,6.0,123.5,1.0,125.75,1.0,122.5,1.0,126.0,4.0,121.75,1.0,126.25,1.0,119.0,5.0,126.75,1.0,114.0,1.0,127.0,1.0,52.0,1.0,130.0,1.0,48.0,3.0,135.0,1.0,,,,,,,,
240,Germany_Baseload#19#0#10000106,2021-10-21 07:24:20.906000,123.55,1.0,125.5,6.0,123.5,1.0,125.75,1.0,122.5,1.0,126.0,4.0,122.0,1.0,126.25,1.0,121.75,1.0,126.75,1.0,119.0,5.0,127.0,1.0,114.0,1.0,130.0,1.0,52.0,1.0,135.0,1.0,48.0,3.0,,,,,,
241,Germany_Baseload#19#0#10000106,2021-10-21 07:24:20.996000,123.55,1.0,125.5,6.0,123.5,1.0,125.75,1.0,122.5,1.0,126.0,4.0,122.45,1.0,126.25,1.0,121.75,1.0,126.75,1.0,119.0,5.0,127.0,1.0,114.0,1.0,130.0,1.0,52.0,1.0,135.0,1.0,48.0,3.0,,,,,,
242,Germany_Baseload#19#0#10000106,2021-10-21 07:24:29.885000,123.55,1.0,125.5,6.0,123.5,1.0,125.75,1.0,122.5,1.0,126.0,4.0,122.45,1.0,126.25,1.0,121.75,1.0,126.75,1.0,119.0,5.0,127.0,1.0,114.0,1.0,130.0,1.0,52.0,1.0,135.0,1.0,48.0,3.0,,,,,,
243,Germany_Baseload#19#0#10000106,2021-10-21 07:24:31.616000,123.55,1.0,125.5,11.0,123.5,1.0,125.75,1.0,122.5,1.0,126.0,4.0,122.45,1.0,126.25,1.0,121.75,1.0,126.75,1.0,119.0,5.0,127.0,1.0,114.0,1.0,130.0,1.0,52.0,1.0,135.0,1.0,48.0,3.0,,,,,,
244,Germany_Baseload#19#0#10000106,2021-10-21 07:25:03.607000,123.55,1.0,125.5,11.0,123.5,1.0,126.0,4.0,122.5,1.0,126.25,1.0,122.45,1.0,126.75,1.0,121.75,1.0,127.0,1.0,119.0,5.0,130.0,1.0,114.0,1.0,135.0,1.0,52.0,1.0,,,48.0,3.0,,,,,,
245,Germany_Baseload#19#0#10000106,2021-10-21 07:25:23.479000,123.55,1.0,125.5,11.0,123.5,1.0,126.0,4.0,122.7,1.0,126.25,1.0,122.5,1.0,126.75,1.0,121.75,1.0,127.0,1.0,119.0,5.0,130.0,1.0,114.0,1.0,135.0,1.0,52.0,1.0,,,48.0,3.0,,,,,,
246,Germany_Baseload#19#0#10000106,2021-10-21 07:25:33.342000,124.0,1.0,125.5,11.0,123.55,1.0,126.0,4.0,123.5,1.0,126.25,1.0,122.7,1.0,126.75,1.0,122.5,1.0,127.0,1.0,121.75,1.0,130.0,1.0,119.0,5.0,135.0,1.0,114.0,1.0,,,52.0,1.0,,,48.0,3.0,,
247,Germany_Baseload#19#0#10000106,2021-10-21 07:25:36.437000,124.0,1.0,125.5,11.0,123.75,1.0,126.0,4.0,123.55,1.0,126.25,1.0,123.5,1.0,126.75,1.0,122.7,1.0,127.0,1.0,122.5,1.0,130.0,1.0,121.75,1.0,135.0,1.0,119.0,5.0,,,114.0,1.0,,,52.0,1.0,,
248,Germany_Baseload#19#0#10000106,2021-10-21 07:26:11.147000,124.0,2.0,125.5,11.0,123.55,1.0,126.0,4.0,123.5,1.0,126.25,1.0,122.7,1.0,126.75,1.0,122.5,1.0,127.0,1.0,121.75,1.0,130.0,1.0,119.0,5.0,135.0,1.0,114.0,1.0,,,52.0,1.0,,,48.0,3.0,,
249,Germany_Baseload#19#0#10000106,2021-10-21 07:26:25.418000,124.1,1.0,125.5,11.0,124.0,2.0,126.0,4.0,123.55,1.0,126.25,1.0,123.5,1.0,126.75,1.0,122.7,1.0,127.0,1.0,122.5,1.0,130.0,1.0,121.75,1.0,135.0,1.0,119.0,5.0,,,114.0,1.0,,,52.0,1.0,,
250,Germany_Baseload#19#0#10000106,2021-10-21 07:26:31.801000,124.1,1.0,125.5,12.0,124.0,2.0,126.0,4.0,123.55,1.0,126.25,1.0,123.5,1.0,126.75,1.0,122.7,1.0,127.0,1.0,122.5,1.0,130.0,1.0,121.75,1.0,135.0,1.0,119.0,5.0,,,114.0,1.0,,,52.0,1.0,,
251,Germany_Baseload#19#0#10000106,2021-10-21 07:28:00.785000,124.1,1.0,125.5,11.0,124.0,2.0,126.0,4.0,123.55,1.0,126.25,1.0,123.5,1.0,126.75,1.0,122.7,1.0,127.0,1.0,122.5,1.0,130.0,1.0,121.75,1.0,135.0,1.0,119.0,5.0,,,114.0,1.0,,,52.0,1.0,,
252,Germany_Baseload#19#0#10000106,2021-10-21 07:28:00.830000,124.1,1.0,125.5,11.0,124.0,2.0,125.75,2.0,123.55,1.0,126.0,4.0,123.5,1.0,126.25,1.0,122.7,1.0,126.75,1.0,122.5,1.0,127.0,1.0,121.75,1.0,130.0,1.0,119.0,5.0,135.0,1.0,114.0,1.0,,,52.0,1.0,,
253,Germany_Baseload#19#0#10000106,2021-10-21 07:28:19.874000,124.1,1.0,125.5,11.0,124.0,2.0,125.75,2.0,123.55,1.0,126.0,4.0,123.5,1.0,126.25,1.0,122.7,1.0,126.75,1.0,122.5,1.0,127.0,1.0,121.75,1.0,130.0,1.0,119.0,5.0,135.0,1.0,114.0,1.0,,,52.0,1.0,,
254,Germany_Baseload#19#0#10000106,2021-10-21 07:28:19.907000,124.1,1.0,125.5,11.0,124.0,2.0,125.75,2.0,123.55,1.0,126.0,4.0,123.5,1.0,126.25,1.0,122.7,1.0,126.5,1.0,122.5,1.0,126.75,1.0,121.75,1.0,127.0,1.0,119.0,5.0,130.0,1.0,114.0,1.0,135.0,1.0,52.0,1.0,,
255,Germany_Baseload#19#0#10000106,2021-10-21 07:28:31.641000,124.1,1.0,125.5,11.0,124.0,2.0,126.0,4.0,123.55,1.0,126.25,1.0,123.5,1.0,126.5,1.0,122.7,1.0,126.75,1.0,122.5,1.0,127.0,1.0,121.75,1.0,130.0,1.0,119.0,5.0,135.0,1.0,114.0,1.0,,,52.0,1.0,,
256,Germany_Baseload#19#0#10000106,2021-10-21 07:28:31.805000,124.1,1.0,125.3,2.0,124.0,2.0,125.5,11.0,123.55,1.0,126.0,4.0,123.5,1.0,126.25,1.0,122.7,1.0,126.5,1.0,122.5,1.0,126.75,1.0,121.75,1.0,127.0,1.0,119.0,5.0,130.0,1.0,114.0,1.0,135.0,1.0,52.0,1.0,,
257,Germany_Baseload#19#0#10000106,2021-10-21 07:28:43.517000,124.5,1.0,125.3,2.0,124.1,1.0,125.5,11.0,124.0,2.0,126.0,4.0,123.55,1.0,126.25,1.0,123.5,1.0,126.5,1.0,122.7,1.0,126.75,1.0,122.5,1.0,127.0,1.0,121.75,1.0,130.0,1.0,119.0,5.0,135.0,1.0,114.0,1.0,,
258,Germany_Baseload#19#0#10000106,2021-10-21 07:29:40.391000,124.5,1.0,125.3,2.0,124.1,1.0,125.5,11.0,124.0,1.0,126.0,4.0,123.55,1.0,126.25,1.0,123.5,1.0,126.5,1.0,122.7,1.0,126.75,1.0,122.5,1.0,127.0,1.0,121.75,1.0,130.0,1.0,119.0,5.0,135.0,1.0,114.0,1.0,,
259,Germany_Baseload#19#0#10000106,2021-10-21 07:30:15.536000,124.5,1.0,125.3,3.0,124.1,1.0,125.5,11.0,124.0,1.0,126.0,4.0,123.55,1.0,126.25,1.0,123.5,1.0,126.5,1.0,122.7,1.0,126.75,1.0,122.5,1.0,127.0,1.0,121.75,1.0,130.0,1.0,119.0,5.0,135.0,1.0,114.0,1.0,,
260,Germany_Baseload#19#0#10000106,2021-10-21 07:30:29.770000,124.5,1.0,125.3,1.0,124.1,1.0,125.5,11.0,124.0,1.0,126.0,4.0,123.55,1.0,126.25,1.0,123.5,1.0,126.5,1.0,122.7,1.0,126.75,1.0,122.5,1.0,127.0,1.0,121.75,1.0,130.0,1.0,119.0,5.0,135.0,1.0,114.0,1.0,,
261,Germany_Baseload#19#0#10000106,2021-10-21 07:30:29.805000,124.5,1.0,125.3,1.0,124.1,1.0,125.5,11.0,124.0,1.0,125.55,2.0,123.55,1.0,126.0,4.0,123.5,1.0,126.25,1.0,122.7,1.0,126.5,1.0,122.5,1.0,126.75,1.0,121.75,1.0,127.0,1.0,119.0,5.0,130.0,1.0,114.0,1.0,135.0,1.0
262,Germany_Baseload#19#0#10000106,2021-10-21 07:30:39.361000,124.5,1.0,125.4,1.0,124.1,1.0,125.5,11.0,124.0,1.0,125.55,2.0,123.55,1.0,126.0,4.0,123.5,1.0,126.25,1.0,122.7,1.0,126.5,1.0,122.5,1.0,126.75,1.0,121.75,1.0,127.0,1.0,119.0,5.0,130.0,1.0,114.0,1.0,135.0,1.0
263,Germany_Baseload#19#0#10000106,2021-10-21 07:30:50.051000,124.5,1.0,125.4,1.0,124.1,1.0,125.5,11.0,124.0,1.0,125.8,1.0,123.55,1.0,126.0,4.0,123.5,1.0,126.25,1.0,122.7,1.0,126.5,1.0,122.5,1.0,126.75,1.0,121.75,1.0,127.0,1.0,119.0,5.0,130.0,1.0,114.0,1.0,135.0,1.0
264,Germany_Baseload#19#0#10000106,2021-10-21 07:30:50.000000,124.5,1.0,125.4,1.0,124.1,1.0,125.5,11.0,124.0,1.0,126.0,4.0,123.55,1.0,126.25,1.0,123.5,1.0,126.5,1.0,122.7,1.0,126.75,1.0,122.5,1.0,127.0,1.0,121.75,1.0,130.0,1.0,119.0,5.0,135.0,1.0,114.0,1.0,,
265,Germany_Baseload#19#0#10000106,2021-10-21 07:31:49.673000,124.5,1.0,125.25,1.0,124.1,1.0,125.4,1.0,124.0,1.0,125.5,11.0,123.55,1.0,125.8,1.0,123.5,1.0,126.0,4.0,122.7,1.0,126.25,1.0,122.5,1.0,126.5,1.0,121.75,1.0,126.75,1.0,119.0,5.0,127.0,1.0,114.0,1.0,130.0,1.0
266,Germany_Baseload#19#0#10000106,2021-10-21 07:32:53.823000,124.5,1.0,125.25,1.0,124.1,1.0,125.5,11.0,124.0,1.0,125.8,1.0,123.55,1.0,126.0,4.0,123.5,1.0,126.25,1.0,122.7,1.0,126.5,1.0,122.5,1.0,126.75,1.0,121.75,1.0,127.0,1.0,119.0,5.0,130.0,1.0,114.0,1.0,135.0,1.0
267,Germany_Baseload#19#0#10000106,2021-10-21 07:32:53.863000,124.5,1.0,125.25,2.0,124.1,1.0,125.5,11.0,124.0,1.0,125.8,1.0,123.55,1.0,126.0,4.0,123.5,1.0,126.25,1.0,122.7,1.0,126.5,1.0,122.5,1.0,126.75,1.0,121.75,1.0,127.0,1.0,119.0,5.0,130.0,1.0,114.0,1.0,135.0,1.0
268,Germany_Baseload#19#0#10000106,2021-10-21 07:33:04.060000,124.5,1.0,125.25,2.0,124.1,1.0,125.5,11.0,124.0,1.0,126.0,4.0,123.55,1.0,126.25,1.0,123.5,1.0,126.5,1.0,122.7,1.0,126.75,1.0,122.5,1.0,127.0,1.0,121.75,1.0,130.0,1.0,119.0,5.0,135.0,1.0,114.0,1.0,,
269,Germany_Baseload#19#0#10000106,2021-10-21 07:33:04.147000,124.5,1.0,125.25,2.0,124.1,1.0,125.5,11.0,124.0,1.0,126.0,4.0,123.55,1.0,126.25,1.0,123.5,1.0,126.5,1.0,122.7,1.0,126.75,1.0,122.5,1.0,126.8,1.0,121.75,1.0,127.0,1.0,119.0,5.0,130.0,1.0,114.0,1.0,135.0,1.0
270,Germany_Baseload#19#0#10000106,2021-10-21 07:33:15.082000,124.5,1.0,125.25,2.0,124.1,1.0,125.5,11.0,124.0,1.0,126.0,4.0,123.55,1.0,126.25,1.0,123.5,1.0,126.5,1.0,122.5,1.0,126.75,1.0,121.75,1.0,126.8,1.0,119.0,5.0,127.0,1.0,114.0,1.0,130.0,1.0,52.0,1.0,135.0,1.0
271,Germany_Baseload#19#0#10000106,2021-10-21 07:33:47.012000,124.5,1.0,125.25,2.0,124.1,1.0,125.5,11.0,124.0,1.0,125.8,1.0,123.55,1.0,126.0,4.0,123.5,1.0,126.25,1.0,122.5,1.0,126.5,1.0,121.75,1.0,126.75,1.0,119.0,5.0,127.0,1.0,114.0,1.0,130.0,1.0,52.0,1.0,135.0,1.0
272,Germany_Baseload#19#0#10000106,2021-10-21 07:34:52.012000,124.5,1.0,125.25,2.0,124.1,1.0,125.5,11.0,124.0,1.0,125.75,1.0,123.55,1.0,126.0,4.0,123.5,1.0,126.25,1.0,122.5,1.0,126.5,1.0,121.75,1.0,126.75,1.0,119.0,5.0,127.0,1.0,114.0,1.0,130.0,1.0,52.0,1.0,135.0,1.0
273,Germany_Baseload#19#0#10000106,2021-10-21 07:35:27.021000,124.5,1.0,125.25,2.0,124.1,1.0,125.5,11.0,124.0,1.0,126.0,4.0,123.55,1.0,126.25,1.0,123.5,1.0,126.5,1.0,122.5,1.0,126.75,1.0,121.75,1.0,127.0,1.0,119.0,5.0,130.0,1.0,114.0,1.0,135.0,1.0,52.0,1.0,,
274,Germany_Baseload#19#0#10000106,2021-10-21 07:35:27.055000,124.5,1.0,125.25,2.0,124.1,1.0,125.5,11.0,124.0,1.0,125.8,1.0,123.55,1.0,126.0,4.0,123.5,1.0,126.25,1.0,122.5,1.0,126.5,1.0,121.75,1.0,126.75,1.0,119.0,5.0,127.0,1.0,114.0,1.0,130.0,1.0,52.0,1.0,135.0,1.0
275,Germany_Baseload#19#0#10000106,2021-10-21 07:38:01.475000,124.5,1.0,125.25,2.0,124.1,1.0,125.3,1.0,124.0,1.0,125.5,11.0,123.55,1.0,126.0,4.0,123.5,1.0,126.25,1.0,122.5,1.0,126.5,1.0,121.75,1.0,126.75,1.0,119.0,5.0,127.0,1.0,114.0,1.0,130.0,1.0,52.0,1.0,135.0,1.0
276,Germany_Baseload#19#0#10000106,2021-10-21 07:38:06.507000,124.5,1.0,125.25,2.0,124.1,1.0,125.5,11.0,124.0,1.0,126.0,4.0,123.55,1.0,126.25,1.0,123.5,1.0,126.5,1.0,122.5,1.0,126.75,1.0,121.75,1.0,127.0,1.0,119.0,5.0,130.0,1.0,114.0,1.0,135.0,1.0,52.0,1.0,,
277,Germany_Baseload#19#0#10000106,2021-10-21 07:38:06.540000,124.5,1.0,125.25,2.0,124.1,1.0,125.4,1.0,124.0,1.0,125.5,11.0,123.55,1.0,126.0,4.0,123.5,1.0,126.25,1.0,122.5,1.0,126.5,1.0,121.75,1.0,126.75,1.0,119.0,5.0,127.0,1.0,114.0,1.0,130.0,1.0,52.0,1.0,135.0,1.0
278,Germany_Baseload#19#0#10000106,2021-10-21 07:38:13.448000,124.1,1.0,125.2,1.0,124.0,1.0,125.25,2.0,123.55,1.0,125.5,1.0,123.5,1.0,125.8,1.0,122.5,1.0,126.0,4.0,121.75,1.0,126.25,1.0,119.0,5.0,126.5,1.0,114.0,1.0,126.75,1.0,52.0,1.0,130.0,1.0,48.0,3.0,135.0,1.0
279,Germany_Baseload#19#0#10000106,2021-10-21 07:38:16.545000,124.1,1.0,125.25,2.0,124.0,1.0,125.4,1.0,123.55,1.0,125.5,11.0,123.5,1.0,126.0,4.0,122.5,1.0,126.25,1.0,121.75,1.0,126.5,1.0,119.0,5.0,126.75,1.0,114.0,1.0,127.0,1.0,52.0,1.0,130.0,1.0,48.0,3.0,135.0,1.0
280,Germany_Baseload#19#0#10000106,2021-10-21 07:38:30.521000,124.1,1.0,125.25,2.0,124.0,1.0,125.4,1.0,123.55,1.0,125.5,1.0,123.5,1.0,126.0,4.0,122.5,1.0,126.25,1.0,121.75,1.0,126.5,1.0,119.0,5.0,126.75,1.0,114.0,1.0,130.0,1.0,52.0,1.0,135.0,1.0,48.0,3.0,,
281,Germany_Baseload#19#0#10000106,2021-10-21 07:38:40.532000,124.1,1.0,125.25,2.0,124.0,1.0,125.5,1.0,123.55,1.0,126.0,4.0,123.5,1.0,126.25,1.0,122.5,1.0,126.5,1.0,121.75,1.0,126.75,1.0,119.0,5.0,130.0,1.0,114.0,1.0,135.0,1.0,52.0,1.0,,,48.0,3.0,,
282,Germany_Baseload#19#0#10000106,2021-10-21 07:38:40.570000,124.1,1.0,125.25,2.0,124.0,1.0,125.5,1.0,123.55,1.0,125.8,1.0,123.5,1.0,126.0,4.0,122.5,1.0,126.25,1.0,121.75,1.0,126.5,1.0,119.0,5.0,126.75,1.0,114.0,1.0,130.0,1.0,52.0,1.0,135.0,1.0,48.0,3.0,,
283,Germany_Baseload#19#0#10000106,2021-10-21 07:40:25.250000,124.1,1.0,125.0,5.0,124.0,1.0,125.2,1.0,123.55,1.0,125.25,2.0,123.5,1.0,125.5,5.0,122.5,1.0,125.8,1.0,121.75,1.0,126.0,4.0,119.0,5.0,126.25,1.0,114.0,1.0,126.5,1.0,52.0,1.0,126.75,1.0,48.0,3.0,130.0,1.0
284,Germany_Baseload#19#0#10000106,2021-10-21 07:40:41.570000,124.1,1.0,125.0,5.0,124.0,1.0,125.2,1.0,123.55,1.0,125.25,1.0,123.5,1.0,125.5,5.0,122.5,1.0,125.8,1.0,121.75,1.0,126.0,4.0,119.0,5.0,126.25,1.0,114.0,1.0,126.5,1.0,52.0,1.0,126.75,1.0,48.0,3.0,130.0,1.0
285,Germany_Baseload#19#0#10000106,2021-10-21 07:40:46.536000,124.1,1.0,125.0,5.0,124.0,1.0,125.2,1.0,123.55,1.0,125.25,1.0,123.5,1.0,125.3,1.0,122.5,1.0,125.5,5.0,121.75,1.0,126.0,4.0,119.0,5.0,126.25,1.0,114.0,1.0,126.5,1.0,52.0,1.0,126.75,1.0,48.0,3.0,130.0,1.0
286,Germany_Baseload#19#0#10000106,2021-10-21 07:40:50.960000,124.1,1.0,125.0,2.0,124.0,1.0,125.2,1.0,123.55,1.0,125.25,1.0,123.5,1.0,125.3,1.0,122.5,1.0,125.5,5.0,121.75,1.0,126.0,4.0,119.0,5.0,126.25,1.0,114.0,1.0,126.5,1.0,52.0,1.0,126.75,1.0,48.0,3.0,130.0,1.0
287,Germany_Baseload#19#0#10000106,2021-10-21 07:41:17.839000,124.1,1.0,125.0,2.0,124.0,1.0,125.2,1.0,123.55,1.0,125.25,1.0,123.5,1.0,125.3,1.0,123.0,1.0,125.5,5.0,122.5,1.0,126.0,4.0,121.75,1.0,126.25,1.0,119.0,5.0,126.5,1.0,114.0,1.0,126.75,1.0,52.0,1.0,130.0,1.0
288,Germany_Baseload#19#0#10000106,2021-10-21 07:42:57.939000,124.1,1.0,125.0,2.0,124.0,1.0,125.2,1.0,123.55,1.0,125.25,1.0,123.5,1.0,125.5,5.0,123.0,1.0,126.0,4.0,122.5,1.0,126.25,1.0,121.75,1.0,126.5,1.0,119.0,5.0,126.75,1.0,114.0,1.0,130.0,1.0,52.0,1.0,135.0,1.0
289,Germany_Baseload#19#0#10000106,2021-10-21 07:42:58.671000,124.1,1.0,125.0,8.0,124.0,1.0,125.2,1.0,123.55,1.0,125.25,1.0,123.5,1.0,125.5,5.0,123.0,1.0,126.0,4.0,122.5,1.0,126.25,1.0,121.75,1.0,126.5,1.0,119.0,5.0,126.75,1.0,114.0,1.0,130.0,1.0,52.0,1.0,135.0,1.0
290,Germany_Baseload#19#0#10000106,2021-10-21 07:43:22.222000,124.1,1.0,124.1,1.0,124.0,1.0,125.0,8.0,123.55,1.0,125.2,1.0,123.5,1.0,125.25,1.0,123.0,1.0,125.5,5.0,122.5,1.0,126.0,4.0,121.75,1.0,126.25,1.0,119.0,5.0,126.5,1.0,114.0,1.0,126.75,1.0,52.0,1.0,130.0,1.0
291,Germany_Baseload#19#0#10000106,2021-10-21 07:43:32.209000,124.0,1.0,124.1,1.0,123.55,1.0,125.0,8.0,123.5,1.0,125.2,1.0,123.0,1.0,125.25,1.0,122.5,1.0,125.5,5.0,121.75,1.0,126.0,4.0,119.0,5.0,126.25,1.0,114.0,1.0,126.5,1.0,52.0,1.0,126.75,1.0,48.0,3.0,130.0,1.0
292,Germany_Baseload#19#0#10000106,2021-10-21 07:43:32.272000,124.0,1.0,125.0,8.0,123.55,1.0,125.2,1.0,123.5,1.0,125.25,1.0,123.0,1.0,125.5,5.0,122.5,1.0,126.0,4.0,121.75,1.0,126.25,1.0,119.0,5.0,126.5,1.0,114.0,1.0,126.75,1.0,52.0,1.0,130.0,1.0,48.0,3.0,135.0,1.0
293,Germany_Baseload#19#0#10000106,2021-10-21 07:43:32.360000,123.55,1.0,125.0,8.0,123.5,1.0,125.2,1.0,123.0,1.0,125.25,1.0,122.5,1.0,125.5,5.0,121.75,1.0,126.0,4.0,119.0,5.0,126.25,1.0,114.0,1.0,126.5,1.0,52.0,1.0,126.75,1.0,48.0,3.0,130.0,1.0,,,135.0,1.0
294,Germany_Baseload#19#0#10000106,2021-10-21 07:43:32.361000,123.55,1.0,125.0,8.0,123.5,1.0,125.2,1.0,123.0,2.0,125.25,1.0,122.5,1.0,125.5,5.0,121.75,1.0,126.0,4.0,119.0,5.0,126.25,1.0,114.0,1.0,126.5,1.0,52.0,1.0,126.75,1.0,48.0,3.0,130.0,1.0,,,135.0,1.0
295,Germany_Baseload#19#0#10000106,2021-10-21 07:43:32.388000,123.55,1.0,125.0,8.0,123.5,1.0,125.2,1.0,123.0,1.0,125.25,1.0,122.95,1.0,125.5,5.0,122.5,1.0,126.0,4.0,121.75,1.0,126.25,1.0,119.0,5.0,126.5,1.0,114.0,1.0,126.75,1.0,52.0,1.0,130.0,1.0,48.0,3.0,135.0,1.0
296,Germany_Baseload#19#0#10000106,2021-10-21 07:43:32.454000,123.55,1.0,125.0,8.0,123.5,1.0,125.2,1.0,123.0,1.0,125.25,1.0,122.95,1.0,125.5,5.0,122.7,2.0,126.0,4.0,122.5,1.0,126.25,1.0,121.75,1.0,126.5,1.0,119.0,5.0,126.75,1.0,114.0,1.0,130.0,1.0,52.0,1.0,135.0,1.0
297,Germany_Baseload#19#0#10000106,2021-10-21 07:43:32.493000,123.55,1.0,125.0,7.0,123.5,1.0,125.2,1.0,123.0,1.0,125.25,1.0,122.95,1.0,125.5,5.0,122.7,2.0,126.0,4.0,122.5,1.0,126.25,1.0,121.75,1.0,126.5,1.0,119.0,5.0,126.75,1.0,114.0,1.0,130.0,1.0,52.0,1.0,135.0,1.0
298,Germany_Baseload#19#0#10000106,2021-10-21 07:43:32.546000,123.55,1.0,124.0,1.0,123.5,1.0,125.0,7.0,123.0,1.0,125.2,1.0,122.95,3.0,125.25,1.0,122.5,1.0,125.5,5.0,121.75,1.0,126.0,4.0,119.0,5.0,126.25,1.0,114.0,1.0,126.5,1.0,52.0,1.0,126.75,1.0,48.0,3.0,130.0,1.0
299,Germany_Baseload#19#0#10000106,2021-10-21 07:43:32.600000,123.55,1.0,124.0,1.0,123.5,1.0,125.0,7.0,123.0,1.0,125.2,1.0,122.95,1.0,125.25,1.0,122.7,2.0,125.5,5.0,122.5,1.0,126.0,4.0,121.75,1.0,126.25,1.0,119.0,5.0,126.5,1.0,114.0,1.0,126.75,1.0,52.0,1.0,130.0,1.0
300,Germany_Baseload#19#0#10000106,2021-10-21 07:43:32.723000,123.55,1.0,124.0,1.0,123.5,1.0,125.0,7.0,123.0,1.0,125.2,1.0,122.95,2.0,125.25,1.0,122.5,1.0,125.5,5.0,121.75,1.0,126.0,4.0,119.0,5.0,126.25,1.0,114.0,1.0,126.5,1.0,52.0,1.0,126.75,1.0,48.0,3.0,130.0,1.0
301,Germany_Baseload#19#0#10000106,2021-10-21 07:43:32.737000,123.55,1.0,124.0,1.0,123.5,1.0,125.0,7.0,123.0,1.0,125.2,1.0,122.95,2.0,125.25,1.0,122.5,1.0,125.5,6.0,121.75,1.0,126.0,4.0,119.0,5.0,126.25,1.0,114.0,1.0,126.5,1.0,52.0,1.0,126.75,1.0,48.0,3.0,130.0,1.0
302,Germany_Baseload#19#0#10000106,2021-10-21 07:43:32.816000,123.55,1.0,124.0,1.0,123.5,1.0,125.0,7.0,123.0,1.0,125.2,1.0,122.8,2.0,125.25,1.0,122.5,1.0,125.5,6.0,121.75,1.0,126.0,4.0,119.0,5.0,126.25,1.0,114.0,1.0,126.5,1.0,52.0,1.0,126.75,1.0,48.0,3.0,130.0,1.0
303,Germany_Baseload#19#0#10000106,2021-10-21 07:43:34.710000,123.55,1.0,124.0,1.0,123.5,1.0,125.0,7.0,123.0,1.0,125.2,1.0,122.7,2.0,125.25,1.0,122.5,1.0,125.5,6.0,121.75,1.0,126.0,4.0,119.0,5.0,126.25,1.0,114.0,1.0,126.5,1.0,52.0,1.0,126.75,1.0,48.0,3.0,130.0,1.0
304,Germany_Baseload#19#0#10000106,2021-10-21 07:43:44.974000,123.55,1.0,125.0,7.0,123.5,1.0,125.2,1.0,123.0,1.0,125.25,1.0,122.7,2.0,125.5,5.0,122.5,1.0,126.0,4.0,121.75,1.0,126.25,1.0,119.0,5.0,126.5,1.0,114.0,1.0,126.75,1.0,52.0,1.0,130.0,1.0,48.0,3.0,135.0,1.0
305,Germany_Baseload#19#0#10000106,2021-10-21 07:43:45.047000,123.55,1.0,125.0,7.0,123.5,1.0,125.2,1.0,123.0,1.0,125.25,1.0,122.7,2.0,125.5,6.0,122.5,1.0,126.0,4.0,121.75,1.0,126.25,1.0,119.0,5.0,126.5,1.0,114.0,1.0,126.75,1.0,52.0,1.0,130.0,1.0,48.0,3.0,135.0,1.0
306,Germany_Baseload#19#0#10000106,2021-10-21 07:43:45.618000,123.55,1.0,124.0,1.0,123.5,1.0,125.0,7.0,123.0,1.0,125.2,1.0,122.7,2.0,125.25,1.0,122.5,1.0,125.5,5.0,121.75,1.0,126.0,4.0,119.0,5.0,126.25,1.0,114.0,1.0,126.5,1.0,52.0,1.0,126.75,1.0,48.0,3.0,130.0,1.0
307,Germany_Baseload#19#0#10000106,2021-10-21 07:43:45.665000,123.55,1.0,124.0,1.0,123.5,1.0,125.0,7.0,123.0,1.0,125.2,1.0,122.7,2.0,125.25,1.0,122.5,1.0,125.5,5.0,121.75,1.0,125.75,1.0,119.0,5.0,126.0,4.0,114.0,1.0,126.25,1.0,52.0,1.0,126.5,1.0,48.0,3.0,126.75,1.0
308,Germany_Baseload#19#0#10000106,2021-10-21 07:43:49.077000,123.55,1.0,124.0,1.0,123.5,1.0,125.0,7.0,123.0,1.0,125.2,1.0,122.7,2.0,125.5,5.0,122.5,1.0,125.75,1.0,121.75,1.0,126.0,4.0,119.0,5.0,126.25,1.0,114.0,1.0,126.5,1.0,52.0,1.0,126.75,1.0,48.0,3.0,130.0,1.0
309,Germany_Baseload#19#0#10000106,2021-10-21 07:43:54.929000,123.55,1.0,125.0,7.0,123.5,1.0,125.2,1.0,123.0,1.0,125.5,5.0,122.7,2.0,125.75,1.0,122.5,1.0,126.0,4.0,121.75,1.0,126.25,1.0,119.0,5.0,126.5,1.0,114.0,1.0,126.75,1.0,52.0,1.0,130.0,1.0,48.0,3.0,135.0,1.0
310,Germany_Baseload#19#0#10000106,2021-10-21 07:43:54.930000,123.55,1.0,125.0,1.0,123.5,1.0,125.2,1.0,123.0,1.0,125.5,5.0,122.7,2.0,125.75,1.0,122.5,1.0,126.0,4.0,121.75,1.0,126.25,1.0,119.0,5.0,126.5,1.0,114.0,1.0,126.75,1.0,52.0,1.0,130.0,1.0,48.0,3.0,135.0,1.0
311,Germany_Baseload#19#0#10000106,2021-10-21 07:43:54.963000,123.55,1.0,125.0,7.0,123.5,1.0,125.2,1.0,123.0,1.0,125.5,5.0,122.7,2.0,125.75,1.0,122.5,1.0,126.0,4.0,121.75,1.0,126.25,1.0,119.0,5.0,126.5,1.0,114.0,1.0,126.75,1.0,52.0,1.0,130.0,1.0,48.0,3.0,135.0,1.0
312,Germany_Baseload#19#0#10000106,2021-10-21 07:43:55.014000,123.55,1.0,125.0,7.0,123.5,1.0,125.2,1.0,123.0,1.0,125.5,5.0,122.7,2.0,126.0,4.0,122.5,1.0,126.25,1.0,121.75,1.0,126.5,1.0,119.0,5.0,126.75,1.0,114.0,1.0,130.0,1.0,52.0,1.0,135.0,1.0,48.0,3.0,,
313,Germany_Baseload#19#0#10000106,2021-10-21 07:43:55.191000,123.55,1.0,124.0,1.0,123.5,1.0,125.0,7.0,123.0,1.0,125.2,1.0,122.7,2.0,125.5,5.0,122.5,1.0,126.0,4.0,121.75,1.0,126.25,1.0,119.0,5.0,126.5,1.0,114.0,1.0,126.75,1.0,52.0,1.0,130.0,1.0,48.0,3.0,135.0,1.0
314,Germany_Baseload#19#0#10000106,2021-10-21 07:43:55.245000,123.55,1.0,124.0,1.0,123.5,1.0,125.0,6.0,123.0,1.0,125.2,1.0,122.7,2.0,125.5,5.0,122.5,1.0,126.0,4.0,121.75,1.0,126.25,1.0,119.0,5.0,126.5,1.0,114.0,1.0,126.75,1.0,52.0,1.0,130.0,1.0,48.0,3.0,135.0,1.0
315,Germany_Baseload#19#0#10000106,2021-10-21 07:43:59.557000,123.55,1.0,124.0,1.0,123.5,1.0,125.0,5.0,123.0,1.0,125.2,1.0,122.7,2.0,125.5,5.0,122.5,1.0,126.0,4.0,121.75,1.0,126.25,1.0,119.0,5.0,126.5,1.0,114.0,1.0,126.75,1.0,52.0,1.0,130.0,1.0,48.0,3.0,135.0,1.0
316,Germany_Baseload#19#0#10000106,2021-10-21 07:43:59.626000,123.55,1.0,124.0,1.0,123.5,1.0,125.0,5.0,123.0,1.0,125.2,1.0,122.7,2.0,125.5,5.0,122.5,1.0,126.0,2.0,121.75,1.0,126.25,1.0,119.0,5.0,126.5,1.0,114.0,1.0,126.75,1.0,52.0,1.0,130.0,1.0,48.0,3.0,135.0,1.0
317,Germany_Baseload#19#0#10000106,2021-10-21 07:44:02.228000,123.55,1.0,124.0,1.0,123.5,1.0,125.0,5.0,122.7,2.0,125.2,1.0,122.5,1.0,125.5,5.0,121.75,1.0,126.0,2.0,119.0,5.0,126.25,1.0,114.0,1.0,126.5,1.0,52.0,1.0,126.75,1.0,48.0,3.0,130.0,1.0,,,135.0,1.0
318,Germany_Baseload#19#0#10000106,2021-10-21 07:44:11.934000,123.55,1.0,125.0,5.0,123.5,1.0,125.2,1.0,122.7,2.0,125.5,5.0,122.5,1.0,126.0,2.0,121.75,1.0,126.25,1.0,119.0,5.0,126.5,1.0,114.0,1.0,126.75,1.0,52.0,1.0,130.0,1.0,48.0,3.0,135.0,1.0,,,,
319,Germany_Baseload#19#0#10000106,2021-10-21 07:44:11.937000,123.55,1.0,125.0,1.0,123.5,1.0,125.2,1.0,122.7,2.0,125.5,5.0,122.5,1.0,126.0,2.0,121.75,1.0,126.25,1.0,119.0,5.0,126.5,1.0,114.0,1.0,126.75,1.0,52.0,1.0,130.0,1.0,48.0,3.0,135.0,1.0,,,,
320,Germany_Baseload#19#0#10000106,2021-10-21 07:44:11.988000,123.55,1.0,125.0,5.0,123.5,1.0,125.2,1.0,122.7,2.0,125.5,5.0,122.5,1.0,126.0,2.0,121.75,1.0,126.25,1.0,119.0,5.0,126.5,1.0,114.0,1.0,126.75,1.0,52.0,1.0,130.0,1.0,48.0,3.0,135.0,1.0,,,,
321,Germany_Baseload#19#0#10000106,2021-10-21 07:44:11.994000,123.55,1.0,125.0,5.0,123.5,1.0,125.2,1.0,122.7,2.0,125.5,5.0,122.5,1.0,126.0,4.0,121.75,1.0,126.25,1.0,119.0,5.0,126.5,1.0,114.0,1.0,126.75,1.0,52.0,1.0,130.0,1.0,48.0,3.0,135.0,1.0,,,,
322,Germany_Baseload#19#0#10000106,2021-10-21 07:44:12.152000,123.55,1.0,124.0,1.0,123.5,1.0,125.0,5.0,122.7,2.0,125.2,1.0,122.5,1.0,125.5,5.0,121.75,1.0,126.0,4.0,119.0,5.0,126.25,1.0,114.0,1.0,126.5,1.0,52.0,1.0,126.75,1.0,48.0,3.0,130.0,1.0,,,135.0,1.0
323,Germany_Baseload#19#0#10000106,2021-10-21 07:44:12.246000,123.55,1.0,124.0,1.0,123.5,1.0,125.0,5.0,122.7,2.0,125.2,1.0,122.5,1.0,125.5,5.0,121.75,1.0,125.9,2.0,119.0,5.0,126.0,4.0,114.0,1.0,126.25,1.0,52.0,1.0,126.5,1.0,48.0,3.0,126.75,1.0,,,130.0,1.0
324,Germany_Baseload#19#0#10000106,2021-10-21 07:44:18.208000,123.5,1.0,124.0,1.0,122.7,2.0,125.0,5.0,122.5,1.0,125.2,1.0,121.75,1.0,125.5,5.0,119.0,5.0,125.9,2.0,114.0,1.0,126.0,4.0,52.0,1.0,126.25,1.0,48.0,3.0,126.5,1.0,,,126.75,1.0,,,130.0,1.0
325,Germany_Baseload#19#0#10000106,2021-10-21 07:44:18.224000,123.5,1.0,124.0,1.0,122.7,2.0,125.0,5.0,122.5,1.0,125.2,1.0,121.75,1.0,125.5,5.0,119.0,5.0,125.9,2.0,114.0,1.0,126.0,4.0,52.0,1.0,126.25,1.0,48.0,3.0,126.5,1.0,,,126.75,1.0,,,130.0,1.0
326,Germany_Baseload#19#0#10000106,2021-10-21 07:44:32.454000,123.5,1.0,124.0,1.0,123.25,1.0,125.0,5.0,122.7,2.0,125.2,1.0,122.5,1.0,125.5,5.0,121.75,1.0,125.9,2.0,119.0,5.0,126.0,4.0,114.0,1.0,126.25,1.0,52.0,1.0,126.5,1.0,48.0,3.0,126.75,1.0,,,130.0,1.0
327,Germany_Baseload#19#0#10000106,2021-10-21 07:44:33.684000,123.5,1.0,124.0,2.0,123.25,1.0,124.85,2.0,122.7,2.0,125.0,5.0,122.5,1.0,125.2,1.0,121.75,1.0,125.5,5.0,119.0,5.0,126.0,4.0,114.0,1.0,126.25,1.0,52.0,1.0,126.5,1.0,48.0,3.0,126.75,1.0,,,130.0,1.0
328,Germany_Baseload#19#0#10000106,2021-10-21 07:44:33.835000,123.25,1.0,124.0,2.0,122.5,1.0,124.85,2.0,122.05,2.0,125.0,5.0,121.75,1.0,125.2,1.0,119.0,5.0,125.5,5.0,114.0,1.0,126.0,4.0,52.0,1.0,126.25,1.0,48.0,3.0,126.5,1.0,,,126.75,1.0,,,130.0,1.0
329,Germany_Baseload#19#0#10000106,2021-10-21 07:44:42.663000,123.25,1.0,124.0,2.0,122.5,1.0,124.85,2.0,122.05,2.0,125.0,5.0,121.75,1.0,125.5,5.0,119.0,5.0,126.0,4.0,114.0,1.0,126.25,1.0,52.0,1.0,126.5,1.0,48.0,3.0,126.75,1.0,,,130.0,1.0,,,135.0,1.0
330,Germany_Baseload#19#0#10000106,2021-10-21 07:44:49.990000,123.5,1.0,124.0,2.0,123.25,1.0,124.85,2.0,122.7,2.0,125.0,5.0,122.5,1.0,125.2,1.0,121.75,1.0,125.5,5.0,119.0,5.0,126.0,4.0,114.0,1.0,126.25,1.0,52.0,1.0,126.5,1.0,48.0,3.0,126.75,1.0,,,130.0,1.0
331,Germany_Baseload#19#0#10000106,2021-10-21 07:44:51.812000,123.5,1.0,124.0,2.0,123.25,1.0,124.85,2.0,122.6,2.0,125.0,5.0,122.5,1.0,125.2,1.0,121.75,1.0,125.5,5.0,119.0,5.0,126.0,4.0,114.0,1.0,126.25,1.0,52.0,1.0,126.5,1.0,48.0,3.0,126.75,1.0,,,130.0,1.0
332,Germany_Baseload#19#0#10000106,2021-10-21 07:44:52.877000,123.5,1.0,124.0,2.0,123.25,1.0,124.85,2.0,122.6,1.0,125.0,5.0,122.5,1.0,125.2,1.0,121.75,1.0,125.5,5.0,119.0,5.0,126.0,4.0,114.0,1.0,126.25,1.0,52.0,1.0,126.5,1.0,48.0,3.0,126.75,1.0,,,130.0,1.0
333,Germany_Baseload#19#0#10000106,2021-10-21 07:44:56.325000,123.5,1.0,124.0,2.0,123.25,1.0,124.85,2.0,122.5,1.0,125.0,5.0,121.75,1.0,125.2,1.0,119.0,5.0,125.5,5.0,114.0,1.0,126.0,4.0,52.0,1.0,126.25,1.0,48.0,3.0,126.5,1.0,,,126.75,1.0,,,130.0,1.0
334,Germany_Baseload#19#0#10000106,2021-10-21 07:44:56.327000,123.5,1.0,124.0,2.0,123.25,1.0,124.85,2.0,122.5,1.0,125.0,5.0,121.75,1.0,125.2,1.0,119.0,5.0,125.5,5.0,115.5,1.0,126.0,4.0,114.0,1.0,126.25,1.0,52.0,1.0,126.5,1.0,48.0,3.0,126.75,1.0,,,130.0,1.0
335,Germany_Baseload#19#0#10000106,2021-10-21 07:44:57.990000,123.5,1.0,124.0,2.0,123.25,1.0,124.85,2.0,122.5,1.0,125.0,5.0,122.05,2.0,125.2,1.0,121.75,1.0,125.5,5.0,119.0,5.0,126.0,4.0,115.5,1.0,126.25,1.0,114.0,1.0,126.5,1.0,52.0,1.0,126.75,1.0,48.0,3.0,130.0,1.0
336,Germany_Baseload#19#0#10000106,2021-10-21 07:44:57.991000,123.5,1.0,124.0,2.0,123.25,1.0,124.85,2.0,122.5,1.0,125.0,5.0,122.05,2.0,125.2,1.0,121.75,1.0,125.5,5.0,119.0,5.0,126.0,4.0,114.0,1.0,126.25,1.0,52.0,1.0,126.5,1.0,48.0,3.0,126.75,1.0,,,130.0,1.0
337,Germany_Baseload#19#0#10000106,2021-10-21 07:45:17.896000,123.25,1.0,124.0,2.0,122.5,1.0,124.85,2.0,122.05,2.0,125.0,5.0,121.75,1.0,125.5,5.0,119.0,5.0,126.0,4.0,114.0,1.0,126.5,1.0,52.0,1.0,126.75,1.0,48.0,3.0,130.0,1.0,,,135.0,1.0,,,,
338,Germany_Baseload#19#0#10000106,2021-10-21 07:45:25.812000,123.25,1.0,124.0,2.0,122.5,1.0,124.85,2.0,122.05,2.0,125.0,5.0,121.75,1.0,125.25,1.0,119.0,5.0,125.5,5.0,114.0,1.0,126.0,4.0,52.0,1.0,126.5,1.0,48.0,3.0,126.75,1.0,,,130.0,1.0,,,135.0,1.0
339,Germany_Baseload#19#0#10000106,2021-10-21 07:45:30.614000,123.25,1.0,123.95,1.0,122.5,1.0,124.0,2.0,122.05,2.0,124.85,2.0,121.75,1.0,125.0,5.0,119.0,5.0,125.25,1.0,114.0,1.0,125.5,5.0,52.0,1.0,126.0,4.0,48.0,3.0,126.5,1.0,,,126.75,1.0,,,130.0,1.0
340,Germany_Baseload#19#0#10000106,2021-10-21 07:45:34.830000,123.25,1.0,123.9,2.0,122.5,1.0,123.95,1.0,122.05,2.0,124.0,2.0,121.75,1.0,125.0,5.0,119.0,5.0,125.25,1.0,114.0,1.0,125.5,5.0,52.0,1.0,126.0,4.0,48.0,3.0,126.5,1.0,,,126.75,1.0,,,130.0,1.0
341,Germany_Baseload#19#0#10000106,2021-10-21 07:45:37.853000,123.25,1.0,123.75,1.0,122.5,1.0,123.9,2.0,122.05,2.0,123.95,1.0,121.75,1.0,124.0,2.0,119.0,5.0,125.0,5.0,114.0,1.0,125.25,1.0,52.0,1.0,125.5,5.0,48.0,3.0,126.0,4.0,,,126.5,1.0,,,126.75,1.0
342,Germany_Baseload#19#0#10000106,2021-10-21 07:45:43.851000,123.25,1.0,123.75,1.0,122.5,1.0,123.9,2.0,122.05,2.0,123.95,1.0,122.0,1.0,124.0,2.0,121.75,1.0,125.0,5.0,119.0,5.0,125.25,1.0,114.0,1.0,125.5,5.0,52.0,1.0,126.0,4.0,48.0,3.0,126.5,1.0,,,126.75,1.0
343,Germany_Baseload#19#0#10000106,2021-10-21 07:45:43.946000,123.25,1.0,123.75,1.0,122.5,1.0,123.9,2.0,122.0,3.0,123.95,1.0,121.75,1.0,124.0,2.0,119.0,5.0,125.0,5.0,114.0,1.0,125.25,1.0,52.0,1.0,125.5,5.0,48.0,3.0,126.0,4.0,,,126.5,1.0,,,126.75,1.0
344,Germany_Baseload#19#0#10000106,2021-10-21 07:45:57.255000,123.25,1.0,123.75,1.0,122.5,1.0,123.9,2.0,122.0,3.0,123.95,1.0,121.75,1.0,124.0,2.0,119.0,5.0,125.0,5.0,114.0,1.0,125.25,1.0,52.0,1.0,125.5,6.0,48.0,3.0,126.0,4.0,,,126.5,1.0,,,126.75,1.0
345,Germany_Baseload#19#0#10000106,2021-10-21 07:46:07.348000,123.25,1.0,123.75,1.0,122.5,1.0,123.9,2.0,122.0,3.0,123.95,1.0,121.75,1.0,124.0,2.0,119.0,5.0,125.0,2.0,114.0,1.0,125.25,1.0,52.0,1.0,125.5,6.0,48.0,3.0,126.0,4.0,,,126.5,1.0,,,126.75,1.0
346,Germany_Baseload#19#0#10000106,2021-10-21 07:46:25.674000,123.25,1.0,123.75,1.0,122.5,1.0,123.9,2.0,122.0,2.0,123.95,1.0,121.75,1.0,124.0,2.0,119.0,5.0,125.0,2.0,114.0,1.0,125.25,1.0,52.0,1.0,125.5,6.0,48.0,3.0,126.0,4.0,,,126.5,1.0,,,126.75,1.0
347,Germany_Baseload#19#0#10000106,2021-10-21 07:46:26.604000,123.25,1.0,123.75,6.0,122.5,1.0,123.9,2.0,122.0,2.0,123.95,1.0,121.75,1.0,124.0,2.0,119.0,5.0,125.0,2.0,114.0,1.0,125.25,1.0,52.0,1.0,125.5,6.0,48.0,3.0,126.0,4.0,,,126.5,1.0,,,126.75,1.0
348,Germany_Baseload#19#0#10000106,2021-10-21 07:46:31.100000,122.5,2.0,123.75,6.0,122.0,2.0,123.9,2.0,121.75,1.0,123.95,1.0,119.0,5.0,124.0,2.0,114.0,1.0,125.0,2.0,52.0,1.0,125.25,1.0,48.0,3.0,125.5,6.0,,,126.0,4.0,,,126.5,1.0,,,126.75,1.0
349,Germany_Baseload#19#0#10000106,2021-10-21 07:46:40.863000,122.5,3.0,123.75,6.0,121.75,1.0,123.9,2.0,119.0,5.0,123.95,1.0,114.0,1.0,124.0,2.0,52.0,1.0,125.0,2.0,48.0,3.0,125.25,1.0,,,125.5,6.0,,,126.0,4.0,,,126.5,1.0,,,126.75,1.0
350,Germany_Baseload#19#0#10000106,2021-10-21 07:46:51.239000,122.5,3.0,123.75,6.0,121.75,1.0,123.9,2.0,119.0,5.0,123.95,1.0,114.0,1.0,124.0,2.0,52.0,1.0,125.25,1.0,48.0,3.0,125.5,6.0,,,126.0,4.0,,,126.5,1.0,,,126.75,1.0,,,130.0,1.0
351,Germany_Baseload#19#0#10000106,2021-10-21 07:46:53.571000,122.5,2.0,123.75,6.0,121.75,1.0,123.9,2.0,119.0,5.0,123.95,1.0,114.0,1.0,124.0,2.0,52.0,1.0,125.25,1.0,48.0,3.0,125.5,6.0,,,126.0,4.0,,,126.5,1.0,,,126.75,1.0,,,130.0,1.0
352,Germany_Baseload#19#0#10000106,2021-10-21 07:46:56.238000,123.25,1.0,123.75,6.0,122.5,2.0,123.9,2.0,121.75,1.0,123.95,1.0,119.0,5.0,124.0,2.0,114.0,1.0,125.25,1.0,52.0,1.0,125.5,6.0,48.0,3.0,126.0,4.0,,,126.5,1.0,,,126.75,1.0,,,130.0,1.0
353,Germany_Baseload#19#0#10000106,2021-10-21 07:47:05.123000,123.25,1.0,123.75,6.0,122.5,2.0,123.9,2.0,121.75,1.0,123.95,1.0,119.0,5.0,124.0,2.0,114.0,1.0,125.25,1.0,52.0,1.0,125.5,6.0,48.0,3.0,126.0,4.0,,,126.5,1.0,,,126.75,1.0,,,130.0,1.0
354,Germany_Baseload#19#0#10000106,2021-10-21 07:47:05.173000,122.5,2.0,123.75,6.0,121.75,1.0,123.9,2.0,119.0,5.0,123.95,1.0,114.0,1.0,124.0,2.0,52.0,1.0,125.25,1.0,48.0,3.0,125.5,6.0,,,126.0,4.0,,,126.5,1.0,,,126.75,1.0,,,130.0,1.0
355,Germany_Baseload#19#0#10000106,2021-10-21 07:47:05.288000,123.25,1.0,123.75,6.0,122.5,2.0,123.9,2.0,121.75,1.0,123.95,1.0,119.0,5.0,124.0,2.0,114.0,1.0,125.25,1.0,52.0,1.0,125.5,6.0,48.0,3.0,126.0,4.0,,,126.5,1.0,,,126.75,1.0,,,130.0,1.0
356,Germany_Baseload#19#0#10000106,2021-10-21 07:47:05.339000,123.25,1.0,123.75,6.0,122.5,2.0,123.9,2.0,121.75,1.0,123.95,1.0,119.0,5.0,124.0,3.0,114.0,1.0,125.25,1.0,52.0,1.0,125.5,6.0,48.0,3.0,126.0,4.0,,,126.5,1.0,,,126.75,1.0,,,130.0,1.0
357,Germany_Baseload#19#0#10000106,2021-10-21 07:47:05.583000,123.25,1.0,123.75,6.0,122.5,2.0,123.9,2.0,121.75,1.0,123.95,1.0,119.0,5.0,124.0,4.0,114.0,1.0,125.25,1.0,52.0,1.0,125.5,5.0,48.0,3.0,126.0,4.0,,,126.5,1.0,,,126.75,1.0,,,130.0,1.0
358,Germany_Baseload#19#0#10000106,2021-10-21 07:47:09.103000,122.5,2.0,123.75,6.0,121.75,1.0,123.9,2.0,119.0,5.0,123.95,1.0,114.0,1.0,124.0,4.0,52.0,1.0,125.25,1.0,48.0,3.0,125.5,5.0,,,126.0,4.0,,,126.5,1.0,,,126.75,1.0,,,130.0,1.0
359,Germany_Baseload#19#0#10000106,2021-10-21 07:47:10.275000,122.5,2.0,123.75,5.0,121.75,1.0,123.9,2.0,119.0,5.0,123.95,1.0,114.0,1.0,124.0,4.0,52.0,1.0,125.25,1.0,48.0,3.0,125.5,5.0,,,126.0,4.0,,,126.5,1.0,,,126.75,1.0,,,130.0,1.0
360,Germany_Baseload#19#0#10000106,2021-10-21 07:47:17.163000,123.0,1.0,123.75,5.0,122.5,2.0,123.9,2.0,121.75,1.0,123.95,1.0,119.0,5.0,124.0,4.0,114.0,1.0,125.25,1.0,52.0,1.0,125.5,5.0,48.0,3.0,126.0,4.0,,,126.5,1.0,,,126.75,1.0,,,130.0,1.0
361,Germany_Baseload#19#0#10000106,2021-10-21 07:47:18.528000,123.0,1.0,123.75,5.0,122.5,2.0,123.9,2.0,121.75,1.0,123.95,1.0,119.0,5.0,124.0,2.0,114.0,1.0,125.25,1.0,52.0,1.0,125.5,5.0,48.0,3.0,126.0,4.0,,,126.5,1.0,,,126.75,1.0,,,130.0,1.0
362,Germany_Baseload#19#0#10000106,2021-10-21 07:47:33.870000,123.0,1.0,123.75,5.0,122.5,1.0,123.9,2.0,121.75,1.0,123.95,1.0,119.0,5.0,124.0,2.0,114.0,1.0,125.25,1.0,52.0,1.0,125.5,5.0,48.0,3.0,126.0,4.0,,,126.5,1.0,,,126.75,1.0,,,130.0,1.0
363,Germany_Baseload#19#0#10000106,2021-10-21 07:47:33.999000,123.0,2.0,123.75,5.0,122.5,1.0,123.9,2.0,121.75,1.0,123.95,1.0,119.0,5.0,124.0,2.0,114.0,1.0,125.25,1.0,52.0,1.0,125.5,5.0,48.0,3.0,126.0,4.0,,,126.5,1.0,,,126.75,1.0,,,130.0,1.0
364,Germany_Baseload#19#0#10000106,2021-10-21 07:47:45.002000,123.0,2.0,123.75,5.0,122.5,1.0,123.95,1.0,121.75,1.0,124.0,2.0,119.0,5.0,125.25,1.0,114.0,1.0,125.5,5.0,52.0,1.0,126.0,4.0,48.0,3.0,126.5,1.0,,,126.75,1.0,,,130.0,1.0,,,135.0,1.0
365,Germany_Baseload#19#0#10000106,2021-10-21 07:47:45.057000,123.0,2.0,123.75,5.0,122.5,1.0,123.95,1.0,121.75,1.0,124.0,1.0,119.0,5.0,125.25,1.0,114.0,1.0,125.5,5.0,52.0,1.0,126.0,4.0,48.0,3.0,126.5,1.0,,,126.75,1.0,,,130.0,1.0,,,135.0,1.0
366,Germany_Baseload#19#0#10000106,2021-10-21 07:47:45.873000,123.0,2.0,123.75,5.0,122.5,1.0,123.95,1.0,121.75,1.0,124.0,2.0,119.0,5.0,125.25,1.0,114.0,1.0,125.5,5.0,52.0,1.0,126.0,4.0,48.0,3.0,126.5,1.0,,,126.75,1.0,,,130.0,1.0,,,135.0,1.0
367,Germany_Baseload#19#0#10000106,2021-10-21 07:47:45.925000,123.0,2.0,123.75,5.0,122.5,1.0,123.95,1.0,121.75,1.0,124.0,2.0,119.0,5.0,124.25,1.0,114.0,1.0,125.25,1.0,52.0,1.0,125.5,5.0,48.0,3.0,126.0,4.0,,,126.5,1.0,,,126.75,1.0,,,130.0,1.0
368,Germany_Baseload#19#0#10000106,2021-10-21 07:48:05.015000,123.0,3.0,123.75,5.0,122.5,1.0,123.95,1.0,121.75,1.0,124.0,2.0,119.0,5.0,124.25,1.0,114.0,1.0,125.25,1.0,52.0,1.0,125.5,5.0,48.0,3.0,126.0,4.0,,,126.5,1.0,,,126.75,1.0,,,130.0,1.0
369,Germany_Baseload#19#0#10000106,2021-10-21 07:48:19.515000,123.0,3.0,123.75,5.0,122.51,1.0,123.95,1.0,122.5,1.0,124.0,2.0,121.75,1.0,124.25,1.0,119.0,5.0,125.25,1.0,114.0,1.0,125.5,5.0,52.0,1.0,126.0,4.0,48.0,3.0,126.5,1.0,,,126.75,1.0,,,130.0,1.0
370,Germany_Baseload#19#0#10000106,2021-10-21 07:48:48.147000,123.0,1.0,123.75,5.0,122.51,1.0,123.95,1.0,122.5,1.0,124.0,2.0,121.75,1.0,124.25,1.0,119.0,5.0,125.25,1.0,114.0,1.0,125.5,5.0,52.0,1.0,126.0,4.0,48.0,3.0,126.5,1.0,,,126.75,1.0,,,130.0,1.0
371,Germany_Baseload#19#0#10000106,2021-10-21 07:48:50.440000,123.0,1.0,123.75,5.0,122.51,1.0,123.95,1.0,122.5,1.0,124.0,2.0,121.75,1.0,124.25,1.0,119.0,5.0,125.25,1.0,114.0,1.0,125.5,5.0,52.0,1.0,126.0,4.0,48.0,3.0,126.5,1.0,,,126.75,1.0,,,130.0,1.0
372,Germany_Baseload#19#0#10000106,2021-10-21 07:48:52.904000,123.0,1.0,123.75,5.0,122.51,1.0,123.95,1.0,122.5,1.0,124.0,2.0,121.75,1.0,124.25,1.0,119.0,5.0,125.25,1.0,114.0,1.0,125.5,5.0,52.0,1.0,126.5,1.0,48.0,3.0,126.75,1.0,,,130.0,1.0,,,135.0,1.0
373,Germany_Baseload#19#0#10000106,2021-10-21 07:48:53.054000,122.51,1.0,123.75,5.0,122.5,1.0,123.95,1.0,121.75,1.0,124.0,2.0,119.0,5.0,124.25,1.0,114.0,1.0,125.25,1.0,52.0,1.0,125.5,5.0,48.0,3.0,126.5,1.0,,,126.75,1.0,,,130.0,1.0,,,135.0,1.0
374,Germany_Baseload#19#0#10000106,2021-10-21 07:48:53.412000,122.51,1.0,123.75,5.0,122.5,1.0,123.95,1.0,121.75,1.0,124.0,2.0,119.0,5.0,124.25,1.0,114.0,1.0,125.25,1.0,52.0,1.0,125.5,5.0,48.0,3.0,126.0,4.0,,,126.5,1.0,,,126.75,1.0,,,130.0,1.0
375,Germany_Baseload#19#0#10000106,2021-10-21 07:48:53.863000,122.51,1.0,123.6,1.0,122.5,1.0,123.75,5.0,121.75,1.0,123.95,1.0,119.0,5.0,124.0,2.0,114.0,1.0,124.25,1.0,52.0,1.0,125.25,1.0,48.0,3.0,125.5,5.0,,,126.0,4.0,,,126.5,1.0,,,126.75,1.0
376,Germany_Baseload#19#0#10000106,2021-10-21 07:48:53.864000,122.51,1.0,123.6,1.0,122.5,1.0,123.75,5.0,121.75,1.0,123.95,1.0,119.0,5.0,124.0,2.0,114.0,1.0,125.25,1.0,52.0,1.0,125.5,5.0,48.0,3.0,126.0,4.0,,,126.5,1.0,,,126.75,1.0,,,130.0,1.0
377,Germany_Baseload#19#0#10000106,2021-10-21 07:49:33.839000,122.51,1.0,123.6,1.0,122.5,1.0,123.75,1.0,121.75,1.0,123.95,1.0,119.0,5.0,124.0,2.0,114.0,1.0,125.25,1.0,52.0,1.0,125.5,5.0,48.0,3.0,126.0,4.0,,,126.5,1.0,,,126.75,1.0,,,130.0,1.0
378,Germany_Baseload#19#0#10000106,2021-10-21 07:49:36.236000,122.51,1.0,123.6,1.0,121.75,1.0,123.75,1.0,119.0,5.0,123.95,1.0,114.0,1.0,124.0,2.0,52.0,1.0,125.25,1.0,48.0,3.0,125.5,5.0,,,126.0,4.0,,,126.5,1.0,,,126.75,1.0,,,130.0,1.0
379,Germany_Baseload#19#0#10000106,2021-10-21 07:49:56.818000,122.51,1.0,123.25,1.0,121.75,1.0,123.75,1.0,119.0,5.0,123.95,1.0,114.0,1.0,124.0,2.0,52.0,1.0,125.25,1.0,48.0,3.0,125.5,5.0,,,126.0,4.0,,,126.5,1.0,,,126.75,1.0,,,130.0,1.0
380,Germany_Baseload#19#0#10000106,2021-10-21 07:50:10.929000,121.75,1.0,123.25,1.0,119.0,5.0,123.75,1.0,114.0,1.0,123.95,1.0,52.0,1.0,124.0,2.0,48.0,3.0,125.25,1.0,,,125.5,5.0,,,126.0,4.0,,,126.5,1.0,,,126.75,1.0,,,130.0,1.0
381,Germany_Baseload#19#0#10000106,2021-10-21 07:50:10.930000,121.75,1.0,123.25,1.0,119.0,5.0,123.75,1.0,115.5,1.0,123.95,1.0,114.0,1.0,124.0,2.0,52.0,1.0,125.25,1.0,48.0,3.0,125.5,5.0,,,126.0,4.0,,,126.5,1.0,,,126.75,1.0,,,130.0,1.0
382,Germany_Baseload#19#0#10000106,2021-10-21 07:50:11.023000,121.75,1.0,123.25,1.0,119.0,5.0,123.75,1.0,115.5,1.0,123.95,1.0,114.0,1.0,124.0,2.0,52.0,1.0,125.25,1.0,48.0,3.0,125.5,5.0,,,126.0,4.0,,,126.5,1.0,,,126.75,1.0,,,130.0,1.0
383,Germany_Baseload#19#0#10000106,2021-10-21 07:50:11.024000,121.75,1.0,123.25,1.0,119.0,5.0,123.75,1.0,114.0,1.0,123.95,1.0,52.0,1.0,124.0,2.0,48.0,3.0,125.25,1.0,,,125.5,5.0,,,126.0,4.0,,,126.5,1.0,,,126.75,1.0,,,130.0,1.0
384,Germany_Baseload#19#0#10000106,2021-10-21 07:50:11.049000,122.51,1.0,123.25,1.0,121.75,1.0,123.75,1.0,119.0,5.0,123.95,1.0,114.0,1.0,124.0,2.0,52.0,1.0,125.25,1.0,48.0,3.0,125.5,5.0,,,126.0,4.0,,,126.5,1.0,,,126.75,1.0,,,130.0,1.0
385,Germany_Baseload#19#0#10000106,2021-10-21 07:50:24.820000,122.51,1.0,123.75,1.0,121.75,1.0,123.95,1.0,119.0,5.0,124.0,2.0,114.0,1.0,125.25,1.0,52.0,1.0,125.5,5.0,48.0,3.0,126.0,4.0,,,126.5,1.0,,,126.75,1.0,,,130.0,1.0,,,135.0,1.0
386,Germany_Baseload#19#0#10000106,2021-10-21 07:50:24.885000,122.51,1.0,123.6,1.0,121.75,1.0,123.75,1.0,119.0,5.0,123.95,1.0,114.0,1.0,124.0,2.0,52.0,1.0,125.25,1.0,48.0,3.0,125.5,5.0,,,126.0,4.0,,,126.5,1.0,,,126.75,1.0,,,130.0,1.0
387,Germany_Baseload#19#0#10000106,2021-10-21 07:50:30.050000,123.0,1.0,123.6,1.0,122.51,1.0,123.75,1.0,121.75,1.0,123.95,1.0,119.0,5.0,124.0,2.0,114.0,1.0,125.25,1.0,52.0,1.0,125.5,5.0,48.0,3.0,126.0,4.0,,,126.5,1.0,,,126.75,1.0,,,130.0,1.0
388,Germany_Baseload#19#0#10000106,2021-10-21 07:50:55.965000,123.0,1.0,123.25,1.0,122.51,1.0,123.6,1.0,121.75,1.0,123.75,1.0,119.0,5.0,123.95,1.0,114.0,1.0,124.0,2.0,52.0,1.0,125.25,1.0,48.0,3.0,125.5,5.0,,,126.0,4.0,,,126.5,1.0,,,126.75,1.0
389,Germany_Baseload#19#0#10000106,2021-10-21 07:51:10.912000,123.0,1.0,123.25,1.0,122.51,1.0,123.6,1.0,122.0,1.0,123.75,1.0,121.75,1.0,123.95,1.0,119.0,5.0,124.0,2.0,114.0,1.0,125.25,1.0,52.0,1.0,125.5,5.0,48.0,3.0,126.0,4.0,,,126.5,1.0,,,126.75,1.0
390,Germany_Baseload#19#0#10000106,2021-10-21 07:51:11.089000,123.0,1.0,123.25,1.0,122.51,1.0,123.6,1.0,122.0,1.0,123.75,1.0,121.75,1.0,123.95,1.0,119.0,5.0,124.0,2.0,114.0,1.0,125.25,1.0,52.0,1.0,125.5,5.0,48.0,3.0,126.0,4.0,,,126.5,1.0,,,126.75,1.0
391,Germany_Baseload#19#0#10000106,2021-10-21 07:51:14.813000,123.0,1.0,123.25,1.0,122.51,1.0,123.75,1.0,122.0,1.0,123.95,1.0,121.75,1.0,124.0,2.0,119.0,5.0,125.25,1.0,114.0,1.0,125.5,5.0,52.0,1.0,126.0,4.0,48.0,3.0,126.5,1.0,,,126.75,1.0,,,130.0,1.0
392,Germany_Baseload#19#0#10000106,2021-10-21 07:51:14.855000,123.0,1.0,123.25,1.0,122.51,1.0,123.75,6.0,122.0,1.0,123.95,1.0,121.75,1.0,124.0,4.0,119.0,5.0,125.25,1.0,114.0,1.0,125.5,5.0,52.0,1.0,126.0,4.0,48.0,3.0,126.5,1.0,,,126.75,1.0,,,130.0,1.0
393,Germany_Baseload#19#0#10000106,2021-10-21 07:51:15.033000,123.0,1.0,123.75,7.0,122.51,1.0,123.95,1.0,122.0,1.0,124.0,4.0,121.75,1.0,125.25,1.0,119.0,5.0,125.5,5.0,114.0,1.0,126.0,4.0,52.0,1.0,126.5,1.0,48.0,3.0,126.75,1.0,,,130.0,1.0,,,135.0,1.0
394,Germany_Baseload#19#0#10000106,2021-10-21 07:51:15.059000,123.0,1.0,123.25,1.0,122.51,1.0,123.75,7.0,122.0,1.0,123.95,1.0,121.75,1.0,124.0,4.0,119.0,5.0,125.25,1.0,114.0,1.0,125.5,5.0,52.0,1.0,126.0,4.0,48.0,3.0,126.5,1.0,,,126.75,1.0,,,130.0,1.0
395,Germany_Baseload#19#0#10000106,2021-10-21 07:51:16.046000,123.0,1.0,123.25,1.0,122.0,1.0,123.75,7.0,121.75,1.0,123.95,1.0,119.0,5.0,124.0,4.0,114.0,1.0,125.25,1.0,52.0,1.0,125.5,5.0,48.0,3.0,126.0,4.0,,,126.5,1.0,,,126.75,1.0,,,130.0,1.0
396,Germany_Baseload#19#0#10000106,2021-10-21 07:51:17.676000,123.0,1.0,123.75,7.0,122.0,1.0,123.95,1.0,121.75,1.0,124.0,4.0,119.0,5.0,125.25,1.0,114.0,1.0,125.5,5.0,52.0,1.0,126.0,4.0,48.0,3.0,126.5,1.0,,,126.75,1.0,,,130.0,1.0,,,135.0,1.0
397,Germany_Baseload#19#0#10000106,2021-10-21 07:51:17.737000,123.0,1.0,123.25,1.0,122.0,1.0,123.75,7.0,121.75,1.0,123.95,1.0,119.0,5.0,124.0,4.0,114.0,1.0,125.25,1.0,52.0,1.0,125.5,5.0,48.0,3.0,126.0,4.0,,,126.5,1.0,,,126.75,1.0,,,130.0,1.0
398,Germany_Baseload#19#0#10000106,2021-10-21 07:51:18.185000,123.0,1.0,123.75,7.0,122.0,1.0,123.95,1.0,121.75,1.0,124.0,4.0,119.0,5.0,125.25,1.0,114.0,1.0,125.5,5.0,52.0,1.0,126.0,4.0,48.0,3.0,126.5,1.0,,,126.75,1.0,,,130.0,1.0,,,135.0,1.0
399,Germany_Baseload#19#0#10000106,2021-10-21 07:51:18.224000,123.0,1.0,123.25,1.0,122.0,1.0,123.75,7.0,121.75,1.0,123.95,1.0,119.0,5.0,124.0,4.0,114.0,1.0,125.25,1.0,52.0,1.0,125.5,5.0,48.0,3.0,126.0,4.0,,,126.5,1.0,,,126.75,1.0,,,130.0,1.0
400,Germany_Baseload#19#0#10000106,2021-10-21 07:51:20.928000,123.0,1.0,123.25,1.0,122.0,1.0,123.75,6.0,121.75,1.0,123.95,1.0,119.0,5.0,124.0,1.0,114.0,1.0,125.25,1.0,52.0,1.0,125.5,5.0,48.0,3.0,126.0,4.0,,,126.5,1.0,,,126.75,1.0,,,130.0,1.0
401,Germany_Baseload#19#0#10000106,2021-10-21 07:51:22.305000,123.0,1.0,123.75,6.0,122.0,1.0,123.95,1.0,121.75,1.0,124.0,1.0,119.0,5.0,125.25,1.0,114.0,1.0,125.5,5.0,52.0,1.0,126.0,4.0,48.0,3.0,126.5,1.0,,,126.75,1.0,,,130.0,1.0,,,135.0,1.0
402,Germany_Baseload#19#0#10000106,2021-10-21 07:51:22.359000,123.0,1.0,123.25,1.0,122.0,1.0,123.75,6.0,121.75,1.0,123.95,1.0,119.0,5.0,124.0,1.0,114.0,1.0,125.25,1.0,52.0,1.0,125.5,5.0,48.0,3.0,126.0,4.0,,,126.5,1.0,,,126.75,1.0,,,130.0,1.0
403,Germany_Baseload#19#0#10000106,2021-10-21 07:51:23.136000,122.0,1.0,123.25,1.0,121.75,1.0,123.75,6.0,119.0,5.0,123.95,1.0,114.0,1.0,124.0,1.0,52.0,1.0,125.25,1.0,48.0,3.0,125.5,5.0,,,126.0,4.0,,,126.5,1.0,,,126.75,1.0,,,130.0,1.0
404,Germany_Baseload#19#0#10000106,2021-10-21 07:51:23.137000,122.0,1.0,123.25,1.0,121.75,1.0,123.75,6.0,119.0,5.0,123.95,1.0,115.5,1.0,124.0,1.0,114.0,1.0,125.25,1.0,52.0,1.0,125.5,5.0,48.0,3.0,126.0,4.0,,,126.5,1.0,,,126.75,1.0,,,130.0,1.0
405,Germany_Baseload#19#0#10000106,2021-10-21 07:51:23.166000,123.05,1.0,123.25,1.0,122.0,1.0,123.75,6.0,121.75,1.0,123.95,1.0,119.0,5.0,124.0,1.0,115.5,1.0,125.25,1.0,114.0,1.0,125.5,5.0,52.0,1.0,126.0,4.0,48.0,3.0,126.5,1.0,,,126.75,1.0,,,130.0,1.0
406,Germany_Baseload#19#0#10000106,2021-10-21 07:51:23.168000,123.05,1.0,123.25,1.0,122.0,1.0,123.75,6.0,121.75,1.0,123.95,1.0,119.0,5.0,124.0,1.0,114.0,1.0,125.25,1.0,52.0,1.0,125.5,5.0,48.0,3.0,126.0,4.0,,,126.5,1.0,,,126.75,1.0,,,130.0,1.0
407,Germany_Baseload#19#0#10000106,2021-10-21 07:51:23.227000,123.05,1.0,123.25,1.0,122.0,1.0,123.75,6.0,121.75,1.0,123.95,1.0,119.0,5.0,124.0,1.0,114.0,1.0,125.25,1.0,52.0,1.0,125.5,5.0,48.0,3.0,126.0,4.0,,,126.5,1.0,,,126.75,1.0,,,130.0,1.0
408,Germany_Baseload#19#0#10000106,2021-10-21 07:51:23.332000,122.0,2.0,123.25,1.0,121.75,1.0,123.75,6.0,119.0,5.0,123.95,1.0,114.0,1.0,124.0,1.0,52.0,1.0,125.25,1.0,48.0,3.0,125.5,5.0,,,126.0,4.0,,,126.5,1.0,,,126.75,1.0,,,130.0,1.0
409,Germany_Baseload#19#0#10000106,2021-10-21 07:51:23.385000,123.1,1.0,123.25,1.0,122.0,2.0,123.75,6.0,121.75,1.0,123.95,1.0,119.0,5.0,124.0,1.0,114.0,1.0,125.25,1.0,52.0,1.0,125.5,5.0,48.0,3.0,126.0,4.0,,,126.5,1.0,,,126.75,1.0,,,130.0,1.0
410,Germany_Baseload#19#0#10000106,2021-10-21 07:51:23.566000,122.0,2.0,123.25,1.0,121.75,1.0,123.75,6.0,119.0,5.0,123.95,1.0,114.0,1.0,124.0,1.0,52.0,1.0,125.25,1.0,48.0,3.0,125.5,5.0,,,126.0,4.0,,,126.5,1.0,,,126.75,1.0,,,130.0,1.0
411,Germany_Baseload#19#0#10000106,2021-10-21 07:51:23.594000,123.15,1.0,123.25,1.0,122.0,2.0,123.75,6.0,121.75,1.0,123.95,1.0,119.0,5.0,124.0,1.0,114.0,1.0,125.25,1.0,52.0,1.0,125.5,5.0,48.0,3.0,126.0,4.0,,,126.5,1.0,,,126.75,1.0,,,130.0,1.0
412,Germany_Baseload#19#0#10000106,2021-10-21 07:51:23.882000,122.0,2.0,123.25,1.0,121.75,1.0,123.75,6.0,119.0,5.0,123.95,1.0,114.0,1.0,124.0,1.0,52.0,1.0,125.25,1.0,48.0,3.0,125.5,5.0,,,126.0,4.0,,,126.5,1.0,,,126.75,1.0,,,130.0,1.0
413,Germany_Baseload#19#0#10000106,2021-10-21 07:51:23.912000,123.2,1.0,123.25,1.0,122.0,2.0,123.75,6.0,121.75,1.0,123.95,1.0,119.0,5.0,124.0,1.0,114.0,1.0,125.25,1.0,52.0,1.0,125.5,5.0,48.0,3.0,126.0,4.0,,,126.5,1.0,,,126.75,1.0,,,130.0,1.0
414,Germany_Baseload#19#0#10000106,2021-10-21 07:51:24.135000,122.0,2.0,123.25,1.0,121.75,1.0,123.75,6.0,119.0,5.0,123.95,1.0,114.0,1.0,124.0,1.0,52.0,1.0,125.25,1.0,48.0,3.0,125.5,5.0,,,126.0,4.0,,,126.5,1.0,,,126.75,1.0,,,130.0,1.0
415,Germany_Baseload#19#0#10000106,2021-10-21 07:51:24.163000,122.0,2.0,123.75,6.0,121.75,1.0,123.95,1.0,119.0,5.0,124.0,1.0,114.0,1.0,125.25,1.0,52.0,1.0,125.5,5.0,48.0,3.0,126.0,4.0,,,126.5,1.0,,,126.75,1.0,,,130.0,1.0,,,135.0,1.0
416,Germany_Baseload#19#0#10000106,2021-10-21 07:51:24.239000,122.0,2.0,123.25,1.0,121.75,1.0,123.75,6.0,119.0,5.0,123.95,1.0,114.0,1.0,124.0,1.0,52.0,1.0,125.25,1.0,48.0,3.0,125.5,5.0,,,126.0,4.0,,,126.5,1.0,,,126.75,1.0,,,130.0,1.0
417,Germany_Baseload#19#0#10000106,2021-10-21 07:51:24.273000,122.0,2.0,123.75,6.0,121.75,1.0,123.95,1.0,119.0,5.0,124.0,1.0,114.0,1.0,125.25,1.0,52.0,1.0,125.5,5.0,48.0,3.0,126.0,4.0,,,126.5,1.0,,,126.75,1.0,,,130.0,1.0,,,135.0,1.0
418,Germany_Baseload#19#0#10000106,2021-10-21 07:51:24.406000,122.0,2.0,123.25,1.0,121.75,1.0,123.75,6.0,119.0,5.0,123.95,1.0,114.0,1.0,124.0,1.0,52.0,1.0,125.25,1.0,48.0,3.0,125.5,5.0,,,126.0,4.0,,,126.5,1.0,,,126.75,1.0,,,130.0,1.0
419,Germany_Baseload#19#0#10000106,2021-10-21 07:51:24.439000,122.0,2.0,123.75,6.0,121.75,1.0,123.95,1.0,119.0,5.0,124.0,1.0,114.0,1.0,125.25,1.0,52.0,1.0,125.5,5.0,48.0,3.0,126.0,4.0,,,126.5,1.0,,,126.75,1.0,,,130.0,1.0,,,135.0,1.0
420,Germany_Baseload#19#0#10000106,2021-10-21 07:51:24.496000,122.0,2.0,123.25,1.0,121.75,1.0,123.75,6.0,119.0,5.0,123.95,1.0,114.0,1.0,124.0,1.0,52.0,1.0,125.25,1.0,48.0,3.0,125.5,5.0,,,126.0,4.0,,,126.5,1.0,,,126.75,1.0,,,130.0,1.0
421,Germany_Baseload#19#0#10000106,2021-10-21 07:51:30.029000,122.25,1.0,123.25,1.0,122.0,2.0,123.75,6.0,121.75,1.0,123.95,1.0,119.0,5.0,124.0,1.0,114.0,1.0,125.25,1.0,52.0,1.0,125.5,5.0,48.0,3.0,126.0,4.0,,,126.5,1.0,,,126.75,1.0,,,130.0,1.0
422,Germany_Baseload#19#0#10000106,2021-10-21 07:51:30.123000,122.25,2.0,123.25,1.0,122.0,1.0,123.75,6.0,121.75,1.0,123.95,1.0,119.0,5.0,124.0,1.0,114.0,1.0,125.25,1.0,52.0,1.0,125.5,5.0,48.0,3.0,126.0,4.0,,,126.5,1.0,,,126.75,1.0,,,130.0,1.0
423,Germany_Baseload#19#0#10000106,2021-10-21 07:51:35.790000,122.25,2.0,123.25,2.0,122.0,1.0,123.75,6.0,121.75,1.0,123.95,1.0,119.0,5.0,124.0,1.0,114.0,1.0,125.25,1.0,52.0,1.0,125.5,5.0,48.0,3.0,126.0,4.0,,,126.5,1.0,,,126.75,1.0,,,130.0,1.0
424,Germany_Baseload#19#0#10000106,2021-10-21 07:51:36.950000,122.25,1.0,123.25,2.0,122.0,1.0,123.75,6.0,121.75,1.0,123.95,1.0,119.0,5.0,124.0,1.0,114.0,1.0,125.25,1.0,52.0,1.0,125.5,5.0,48.0,3.0,126.0,4.0,,,126.5,1.0,,,126.75,1.0,,,130.0,1.0
425,Germany_Baseload#19#0#10000106,2021-10-21 07:51:40.805000,122.25,1.0,123.25,2.0,122.0,1.0,123.75,5.0,121.75,1.0,123.95,1.0,119.0,5.0,124.0,1.0,114.0,1.0,125.25,1.0,52.0,1.0,125.5,5.0,48.0,3.0,126.0,4.0,,,126.5,1.0,,,126.75,1.0,,,130.0,1.0
426,Germany_Baseload#19#0#10000106,2021-10-21 07:51:40.847000,122.25,1.0,123.25,2.0,122.0,1.0,123.75,5.0,121.75,1.0,123.95,1.0,119.0,5.0,124.0,1.0,114.0,1.0,124.25,1.0,52.0,1.0,125.25,1.0,48.0,3.0,125.5,5.0,,,126.0,4.0,,,126.5,1.0,,,126.75,1.0
