,key,Datetime,BidPrice_0,BidVolume_0,AskPrice_0,AskVolume_0,BidPrice_1,BidVolume_1,AskPrice_1,AskVolume_1,BidPrice_2,BidVolume_2,AskPrice_2,AskVolume_2,BidPrice_3,BidVolume_3,AskPrice_3,AskVolume_3,BidPrice_4,BidVolume_4,AskPrice_4,AskVolume_4,BidPrice_5,BidVolume_5,AskPrice_5,AskVolume_5,BidPrice_6,BidVolume_6,AskPrice_6,AskVolume_6,BidPrice_7,BidVolume_7,AskPrice_7,AskVolume_7,BidPrice_8,BidVolume_8,AskPrice_8,AskVolume_8,BidPrice_9,BidVolume_9,AskPrice_9,AskVolume_9
0,Germany_Baseload#19#0#10000106,2021-10-15 05:51:11.118000,130.0,1.0,,,,,,,,,,,,,,,,,,,,,,,,,,,,,,,,,,,,,,
1,Germany_Baseload#19#0#10000106,2021-10-15 05:56:44.623000,130.0,1.0,,,100.0,1.0,,,,,,,,,,,,,,,,,,,,,,,,,,,,,,,,,,
2,Germany_Baseload#19#0#10000106,2021-10-15 05:56:57.060000,130.0,1.0,,,,,,,,,,,,,,,,,,,,,,,,,,,,,,,,,,,,,,
3,Germany_Baseload#19#0#10000106,2021-10-15 06:00:00.883000,134.75,1.0,,,130.0,1.0,,,129.9,1.0,,,,,,,,,,,,,,,,,,,,,,,,,,,,,,
4,Germany_Baseload#19#0#10000106,2021-10-15 06:00:00.884000,134.75,1.0,142.0,1.0,130.0,1.0,,,129.9,1.0,,,52.0,1.0,,,48.0,3.0,,,,,,,,,,,,,,,,,,,,,,
5,Germany_Baseload#19#0#10000106,2021-10-15 06:00:40.342000,135.0,1.0,142.0,1.0,134.75,1.0,,,130.0,1.0,,,129.9,1.0,,,52.0,1.0,,,48.0,3.0,,,,,,,,,,,,,,,,,,
6,Germany_Baseload#19#0#10000106,2021-10-15 06:01:13.372000,135.0,1.0,140.0,1.0,134.75,1.0,142.0,1.0,130.0,1.0,,,129.9,1.0,,,52.0,1.0,,,48.0,3.0,,,,,,,,,,,,,,,,,,
7,Germany_Baseload#19#0#10000106,2021-10-15 06:01:47.106000,135.0,1.0,140.0,1.0,134.75,1.0,142.0,1.0,134.0,1.0,,,129.9,1.0,,,52.0,1.0,,,48.0,3.0,,,,,,,,,,,,,,,,,,
8,Germany_Baseload#19#0#10000106,2021-10-15 06:02:15.371000,135.0,1.0,140.0,1.0,134.75,1.0,142.0,1.0,134.0,1.0,,,129.9,1.0,,,100.0,1.0,,,52.0,1.0,,,48.0,3.0,,,,,,,,,,,,,,
9,Germany_Baseload#19#0#10000106,2021-10-15 06:02:20.152000,135.0,1.0,140.0,1.0,134.75,1.0,142.0,1.0,134.0,1.0,,,129.9,1.0,,,52.0,1.0,,,48.0,3.0,,,,,,,,,,,,,,,,,,
10,Germany_Baseload#19#0#10000106,2021-10-15 06:02:28.712000,135.0,1.0,140.0,1.0,134.0,1.0,142.0,1.0,129.9,1.0,,,52.0,1.0,,,48.0,3.0,,,,,,,,,,,,,,,,,,,,,,
11,Germany_Baseload#19#0#10000106,2021-10-15 06:02:28.752000,135.25,1.0,140.0,1.0,135.0,1.0,142.0,1.0,134.0,1.0,,,129.9,1.0,,,52.0,1.0,,,48.0,3.0,,,,,,,,,,,,,,,,,,
12,Germany_Baseload#19#0#10000106,2021-10-15 06:03:39.222000,135.3,1.0,140.0,1.0,135.25,1.0,142.0,1.0,134.0,1.0,,,129.9,1.0,,,52.0,1.0,,,48.0,3.0,,,,,,,,,,,,,,,,,,
13,Germany_Baseload#19#0#10000106,2021-10-15 06:04:49.104000,135.3,1.0,140.0,2.0,135.25,1.0,142.0,1.0,134.0,1.0,,,129.9,1.0,,,52.0,1.0,,,48.0,3.0,,,,,,,,,,,,,,,,,,
14,Germany_Baseload#19#0#10000106,2021-10-15 06:06:49.362000,135.3,1.0,140.0,3.0,135.25,1.0,142.0,1.0,134.0,1.0,,,129.9,1.0,,,52.0,1.0,,,48.0,3.0,,,,,,,,,,,,,,,,,,
15,Germany_Baseload#19#0#10000106,2021-10-15 06:07:33.501000,135.5,1.0,140.0,3.0,135.3,1.0,142.0,1.0,135.25,1.0,,,134.0,1.0,,,129.9,1.0,,,52.0,1.0,,,48.0,3.0,,,,,,,,,,,,,,
16,Germany_Baseload#19#0#10000106,2021-10-15 06:07:33.917000,135.5,1.0,140.0,3.0,135.3,1.0,142.0,1.0,135.25,1.0,,,134.25,1.0,,,134.0,1.0,,,129.9,1.0,,,52.0,1.0,,,48.0,3.0,,,,,,,,,,
17,Germany_Baseload#19#0#10000106,2021-10-15 06:07:45.614000,136.25,1.0,140.0,3.0,135.5,1.0,142.0,1.0,135.3,1.0,,,135.25,1.0,,,134.25,1.0,,,134.0,1.0,,,129.9,1.0,,,52.0,1.0,,,48.0,3.0,,,,,,
18,Germany_Baseload#19#0#10000106,2021-10-15 06:07:45.810000,136.25,1.0,140.0,3.0,135.5,1.0,142.0,1.0,135.3,1.0,,,135.25,1.0,,,134.0,1.0,,,129.9,1.0,,,52.0,1.0,,,48.0,3.0,,,,,,,,,,
19,Germany_Baseload#19#0#10000106,2021-10-15 06:07:45.889000,136.25,1.0,140.0,3.0,135.5,1.0,142.0,1.0,135.3,1.0,,,135.25,1.0,,,134.25,1.0,,,134.0,1.0,,,129.9,1.0,,,52.0,1.0,,,48.0,3.0,,,,,,
20,Germany_Baseload#19#0#10000106,2021-10-15 06:08:04.713000,136.25,1.0,140.0,3.0,135.5,1.0,142.0,1.0,135.3,1.0,,,134.25,1.0,,,134.0,1.0,,,129.9,1.0,,,52.0,1.0,,,48.0,3.0,,,,,,,,,,
21,Germany_Baseload#19#0#10000106,2021-10-15 06:08:04.740000,136.25,1.0,140.0,3.0,136.0,1.0,142.0,1.0,135.5,1.0,,,135.3,1.0,,,134.25,1.0,,,134.0,1.0,,,129.9,1.0,,,52.0,1.0,,,48.0,3.0,,,,,,
22,Germany_Baseload#19#0#10000106,2021-10-15 06:08:04.835000,136.25,1.0,140.0,3.0,136.0,1.0,142.0,1.0,135.5,1.0,,,135.3,1.0,,,134.0,1.0,,,132.5,1.0,,,129.9,1.0,,,52.0,1.0,,,48.0,3.0,,,,,,
23,Germany_Baseload#19#0#10000106,2021-10-15 06:08:12.209000,136.25,1.0,140.0,3.0,136.0,1.0,142.0,1.0,135.5,1.0,,,135.3,1.0,,,134.0,1.0,,,129.9,1.0,,,52.0,1.0,,,48.0,3.0,,,,,,,,,,
24,Germany_Baseload#19#0#10000106,2021-10-15 06:08:14.834000,136.25,1.0,140.0,3.0,136.0,1.0,142.0,1.0,135.5,1.0,,,135.3,1.0,,,135.0,1.0,,,134.0,1.0,,,129.9,1.0,,,52.0,1.0,,,48.0,3.0,,,,,,
25,Germany_Baseload#19#0#10000106,2021-10-15 06:08:56.116000,136.25,1.0,139.0,1.0,136.0,1.0,140.0,3.0,135.5,1.0,142.0,1.0,135.3,1.0,,,135.0,1.0,,,134.0,1.0,,,129.9,1.0,,,52.0,1.0,,,48.0,3.0,,,,,,
26,Germany_Baseload#19#0#10000106,2021-10-15 06:09:04.884000,136.25,1.0,139.0,1.0,136.0,2.0,140.0,3.0,135.5,1.0,142.0,1.0,135.3,1.0,,,135.0,1.0,,,134.0,1.0,,,129.9,1.0,,,52.0,1.0,,,48.0,3.0,,,,,,
27,Germany_Baseload#19#0#10000106,2021-10-15 06:10:01.213000,136.3,1.0,139.0,1.0,136.25,1.0,140.0,3.0,136.0,2.0,142.0,1.0,135.5,1.0,,,135.3,1.0,,,135.0,1.0,,,134.0,1.0,,,129.9,1.0,,,52.0,1.0,,,48.0,3.0,,
28,Germany_Baseload#19#0#10000106,2021-10-15 06:10:49.908000,136.3,1.0,139.0,1.0,136.25,1.0,140.0,3.0,136.0,1.0,142.0,1.0,135.5,1.0,,,135.3,1.0,,,135.0,1.0,,,129.9,1.0,,,52.0,1.0,,,48.0,3.0,,,,,,
29,Germany_Baseload#19#0#10000106,2021-10-15 06:11:40.594000,136.5,1.0,139.0,1.0,136.3,1.0,140.0,3.0,136.25,1.0,142.0,1.0,136.0,1.0,,,135.3,1.0,,,135.0,1.0,,,129.9,1.0,,,52.0,1.0,,,48.0,3.0,,,,,,
30,Germany_Baseload#19#0#10000106,2021-10-15 06:11:40.782000,136.5,1.0,139.0,1.0,136.3,1.0,140.0,3.0,136.25,1.0,142.0,1.0,136.0,1.0,,,135.3,1.0,,,129.9,1.0,,,52.0,1.0,,,48.0,3.0,,,,,,,,,,
31,Germany_Baseload#19#0#10000106,2021-10-15 06:11:40.870000,136.5,1.0,139.0,1.0,136.3,1.0,140.0,3.0,136.25,1.0,142.0,1.0,136.0,1.0,,,135.3,1.0,,,135.0,1.0,,,129.9,1.0,,,52.0,1.0,,,48.0,3.0,,,,,,
32,Germany_Baseload#19#0#10000106,2021-10-15 06:11:44.993000,136.5,1.0,139.0,1.0,136.3,1.0,140.0,3.0,136.25,1.0,142.0,1.0,136.0,1.0,,,135.3,1.0,,,129.9,1.0,,,52.0,1.0,,,48.0,3.0,,,,,,,,,,
33,Germany_Baseload#19#0#10000106,2021-10-15 06:11:50.870000,136.5,1.0,139.0,1.0,136.3,1.0,140.0,3.0,136.25,1.0,142.0,1.0,136.0,1.0,,,135.3,1.0,,,135.0,2.0,,,129.9,1.0,,,52.0,1.0,,,48.0,3.0,,,,,,
34,Germany_Baseload#19#0#10000106,2021-10-15 06:13:58.534000,136.5,1.0,139.0,1.0,136.3,1.0,140.0,3.0,136.25,1.0,142.0,1.0,136.0,1.0,,,135.3,1.0,,,134.0,2.0,,,129.9,1.0,,,52.0,1.0,,,48.0,3.0,,,,,,
35,Germany_Baseload#19#0#10000106,2021-10-15 06:14:04.803000,136.5,1.0,139.0,1.0,136.3,1.0,140.0,3.0,136.25,1.0,142.0,1.0,136.0,1.0,,,135.3,1.0,,,134.0,2.0,,,129.9,1.0,,,52.0,1.0,,,48.0,3.0,,,,,,
36,Germany_Baseload#19#0#10000106,2021-10-15 06:14:04.834000,136.5,1.0,139.0,1.0,136.3,1.0,140.0,3.0,136.25,1.0,142.0,1.0,136.0,1.0,,,135.3,1.0,,,134.0,2.0,,,129.9,1.0,,,52.0,1.0,,,48.0,3.0,,,,,,
37,Germany_Baseload#19#0#10000106,2021-10-15 06:14:04.959000,136.5,1.0,139.0,1.0,136.3,1.0,140.0,3.0,136.25,1.0,142.0,1.0,136.0,1.0,,,135.3,1.0,,,134.25,1.0,,,129.9,1.0,,,52.0,1.0,,,48.0,3.0,,,,,,
38,Germany_Baseload#19#0#10000106,2021-10-15 06:14:53.242000,136.5,1.0,139.0,1.0,136.3,1.0,140.0,1.0,136.25,1.0,142.0,1.0,136.0,1.0,,,135.3,1.0,,,134.25,1.0,,,129.9,1.0,,,52.0,1.0,,,48.0,3.0,,,,,,
39,Germany_Baseload#19#0#10000106,2021-10-15 06:15:11.585000,136.5,1.0,138.75,1.0,136.3,1.0,139.0,1.0,136.25,1.0,140.0,1.0,136.0,1.0,142.0,1.0,135.3,1.0,,,134.25,1.0,,,129.9,1.0,,,52.0,1.0,,,48.0,3.0,,,,,,
40,Germany_Baseload#19#0#10000106,2021-10-15 06:15:12.945000,136.5,1.0,138.75,1.0,136.3,1.0,139.0,1.0,136.25,1.0,140.0,3.0,136.0,1.0,142.0,1.0,135.3,1.0,,,134.25,1.0,,,129.9,1.0,,,52.0,1.0,,,48.0,3.0,,,,,,
41,Germany_Baseload#19#0#10000106,2021-10-15 06:15:25.848000,136.55,1.0,138.75,1.0,136.5,1.0,139.0,1.0,136.25,1.0,140.0,3.0,136.0,1.0,142.0,1.0,135.3,1.0,,,134.25,1.0,,,129.9,1.0,,,52.0,1.0,,,48.0,3.0,,,,,,
42,Germany_Baseload#19#0#10000106,2021-10-15 06:15:49.232000,136.55,1.0,138.75,1.0,136.5,1.0,139.0,1.0,136.25,1.0,140.0,1.0,136.0,1.0,142.0,1.0,135.3,1.0,,,134.25,1.0,,,129.9,1.0,,,52.0,1.0,,,48.0,3.0,,,,,,
43,Germany_Baseload#19#0#10000106,2021-10-15 06:15:54.733000,136.55,1.0,138.75,1.0,136.5,1.0,139.0,1.0,136.25,1.0,140.0,1.0,136.0,1.0,142.0,1.0,135.3,1.0,,,134.25,1.0,,,129.9,1.0,,,52.0,1.0,,,48.0,3.0,,,,,,
44,Germany_Baseload#19#0#10000106,2021-10-15 06:16:30.272000,136.55,1.0,139.0,2.0,136.5,1.0,140.0,1.0,136.25,1.0,142.0,1.0,136.0,1.0,,,135.3,1.0,,,134.25,1.0,,,129.9,1.0,,,52.0,1.0,,,48.0,3.0,,,,,,
45,Germany_Baseload#19#0#10000106,2021-10-15 06:16:43.439000,136.55,1.0,139.0,2.0,136.5,1.0,140.0,1.0,136.25,1.0,,,136.0,1.0,,,135.3,1.0,,,134.25,1.0,,,129.9,1.0,,,52.0,1.0,,,48.0,3.0,,,,,,
46,Germany_Baseload#19#0#10000106,2021-10-15 06:16:43.470000,136.55,1.0,139.0,2.0,136.5,1.0,140.0,2.0,136.25,1.0,,,136.0,1.0,,,135.3,1.0,,,134.25,1.0,,,129.9,1.0,,,52.0,1.0,,,48.0,3.0,,,,,,
47,Germany_Baseload#19#0#10000106,2021-10-15 06:18:08.808000,136.55,1.0,139.0,2.0,136.5,1.0,140.0,2.0,136.25,1.0,,,136.0,1.0,,,135.3,1.0,,,134.25,1.0,,,129.9,1.0,,,52.0,1.0,,,48.0,3.0,,,,,,
48,Germany_Baseload#19#0#10000106,2021-10-15 06:21:54.733000,136.55,1.0,139.0,2.0,136.5,1.0,140.0,2.0,136.25,1.0,,,136.0,1.0,,,135.3,1.0,,,134.25,1.0,,,129.9,1.0,,,52.0,1.0,,,48.0,3.0,,,,,,
49,Germany_Baseload#19#0#10000106,2021-10-15 06:29:25.515000,136.55,1.0,139.0,1.0,136.5,1.0,140.0,2.0,136.25,1.0,140.5,1.0,136.0,1.0,,,135.3,1.0,,,134.25,1.0,,,129.9,1.0,,,52.0,1.0,,,48.0,3.0,,,,,,
50,Germany_Baseload#19#0#10000106,2021-10-15 06:30:06.039000,136.55,1.0,139.0,1.0,136.25,1.0,140.0,2.0,136.0,1.0,140.5,1.0,135.3,1.0,,,134.25,1.0,,,129.9,1.0,,,52.0,1.0,,,48.0,3.0,,,,,,,,,,
51,Germany_Baseload#19#0#10000106,2021-10-15 06:30:06.225000,136.55,1.0,139.0,1.0,136.25,1.0,140.0,2.0,136.0,1.0,140.5,1.0,135.3,1.0,,,129.9,1.0,,,52.0,1.0,,,48.0,3.0,,,,,,,,,,,,,,
52,Germany_Baseload#19#0#10000106,2021-10-15 06:33:30.998000,136.55,1.0,139.0,1.0,136.25,1.0,140.0,2.0,136.0,1.0,140.5,1.0,135.3,1.0,143.4,5.0,129.9,1.0,,,52.0,1.0,,,48.0,3.0,,,,,,,,,,,,,,
53,Germany_Baseload#19#0#10000106,2021-10-15 06:33:33.511000,136.55,1.0,139.0,1.0,136.25,1.0,140.0,2.0,136.0,1.0,140.5,1.0,135.3,1.0,144.4,5.0,129.9,1.0,,,52.0,1.0,,,48.0,3.0,,,,,,,,,,,,,,
54,Germany_Baseload#19#0#10000106,2021-10-15 06:34:10.793000,136.55,1.0,139.0,1.0,136.25,1.0,140.0,2.0,136.0,1.0,140.5,1.0,135.3,1.0,,,129.9,1.0,,,52.0,1.0,,,48.0,3.0,,,,,,,,,,,,,,
55,Germany_Baseload#19#0#10000106,2021-10-15 06:34:10.981000,136.55,1.0,139.0,1.0,136.25,1.0,140.0,2.0,136.0,1.0,140.5,1.0,135.3,1.0,144.4,5.0,129.9,1.0,,,52.0,1.0,,,48.0,3.0,,,,,,,,,,,,,,
56,Germany_Baseload#19#0#10000106,2021-10-15 06:34:22.120000,136.55,1.0,139.0,1.0,136.25,1.0,140.0,2.0,136.0,1.0,140.5,1.0,135.3,1.0,144.4,5.0,135.0,1.0,,,129.9,1.0,,,52.0,1.0,,,48.0,3.0,,,,,,,,,,
57,Germany_Baseload#19#0#10000106,2021-10-15 06:35:38.249000,136.55,1.0,139.0,1.0,136.25,1.0,140.0,2.0,136.0,1.0,140.5,1.0,135.3,1.0,,,135.0,1.0,,,129.9,1.0,,,52.0,1.0,,,48.0,3.0,,,,,,,,,,
58,Germany_Baseload#19#0#10000106,2021-10-15 06:35:52.545000,136.55,1.0,139.0,1.0,136.25,1.0,140.0,2.0,136.0,1.0,140.5,1.0,135.3,1.0,144.4,5.0,135.0,1.0,,,129.9,1.0,,,52.0,1.0,,,48.0,3.0,,,,,,,,,,
59,Germany_Baseload#19#0#10000106,2021-10-15 06:37:00.320000,136.55,1.0,139.0,1.0,136.25,1.0,140.0,2.0,136.0,1.0,140.5,1.0,135.3,1.0,,,135.0,1.0,,,129.9,1.0,,,52.0,1.0,,,48.0,3.0,,,,,,,,,,
60,Germany_Baseload#19#0#10000106,2021-10-15 06:37:00.579000,136.55,1.0,139.0,1.0,136.25,1.0,140.0,2.0,136.0,1.0,140.5,1.0,135.3,1.0,144.4,5.0,135.0,1.0,,,129.9,1.0,,,52.0,1.0,,,48.0,3.0,,,,,,,,,,
61,Germany_Baseload#19#0#10000106,2021-10-15 06:37:17.608000,136.55,1.0,139.0,1.0,136.0,1.0,140.0,2.0,135.3,1.0,140.5,1.0,135.0,1.0,144.4,5.0,129.9,1.0,,,52.0,1.0,,,48.0,3.0,,,,,,,,,,,,,,
62,Germany_Baseload#19#0#10000106,2021-10-15 06:37:17.645000,136.55,1.0,139.0,1.0,136.5,1.0,140.0,2.0,136.0,1.0,140.5,1.0,135.3,1.0,144.4,5.0,135.0,1.0,,,129.9,1.0,,,52.0,1.0,,,48.0,3.0,,,,,,,,,,
63,Germany_Baseload#19#0#10000106,2021-10-15 06:37:17.769000,136.55,1.0,139.0,1.0,136.5,1.0,140.0,2.0,136.0,1.0,140.5,1.0,135.3,1.0,144.4,5.0,135.0,1.0,,,133.0,1.0,,,129.9,1.0,,,52.0,1.0,,,48.0,3.0,,,,,,
64,Germany_Baseload#19#0#10000106,2021-10-15 06:37:23.053000,136.55,1.0,139.0,1.0,136.5,1.0,140.0,2.0,136.0,1.0,140.5,1.0,135.3,1.0,140.6,5.0,135.0,1.0,,,133.0,1.0,,,129.9,1.0,,,52.0,1.0,,,48.0,3.0,,,,,,
65,Germany_Baseload#19#0#10000106,2021-10-15 06:37:37.401000,136.6,1.0,139.0,1.0,136.55,1.0,140.0,2.0,136.5,1.0,140.5,1.0,135.3,1.0,140.6,5.0,135.0,1.0,,,133.0,1.0,,,129.9,1.0,,,52.0,1.0,,,48.0,3.0,,,,,,
66,Germany_Baseload#19#0#10000106,2021-10-15 06:37:39.751000,136.6,1.0,139.0,1.0,136.55,1.0,140.0,2.0,136.5,1.0,140.5,1.0,135.3,1.0,140.6,5.0,135.0,1.0,,,133.0,1.0,,,129.9,1.0,,,129.8,1.0,,,52.0,1.0,,,48.0,3.0,,
67,Germany_Baseload#19#0#10000106,2021-10-15 06:37:45.827000,136.6,1.0,138.75,1.0,136.55,1.0,139.0,1.0,136.5,1.0,140.0,3.0,135.3,1.0,140.5,1.0,135.0,1.0,140.6,5.0,133.0,1.0,,,129.9,1.0,,,129.8,1.0,,,52.0,1.0,,,48.0,3.0,,
68,Germany_Baseload#19#0#10000106,2021-10-15 06:38:33.834000,136.6,1.0,138.75,1.0,136.55,1.0,139.0,1.0,136.5,1.0,140.0,3.0,135.3,1.0,140.5,1.0,135.0,1.0,,,133.0,1.0,,,129.9,1.0,,,129.8,1.0,,,52.0,1.0,,,48.0,3.0,,
69,Germany_Baseload#19#0#10000106,2021-10-15 06:38:34.041000,136.6,1.0,138.75,1.0,136.55,1.0,139.0,1.0,136.5,1.0,140.0,3.0,135.3,1.0,140.5,1.0,135.0,1.0,140.6,5.0,133.0,1.0,,,129.9,1.0,,,129.8,1.0,,,52.0,1.0,,,48.0,3.0,,
70,Germany_Baseload#19#0#10000106,2021-10-15 06:39:38.070000,136.6,1.0,138.75,1.0,136.55,1.0,139.0,1.0,136.5,1.0,140.0,3.0,135.3,1.0,140.5,1.0,135.0,1.0,,,133.0,1.0,,,129.9,1.0,,,129.8,1.0,,,52.0,1.0,,,48.0,3.0,,
71,Germany_Baseload#19#0#10000106,2021-10-15 06:39:45.683000,136.6,1.0,138.75,1.0,136.55,1.0,139.0,1.0,136.5,1.0,140.0,3.0,135.3,1.0,140.5,1.0,135.0,1.0,144.2,5.0,133.0,1.0,,,129.9,1.0,,,129.8,1.0,,,52.0,1.0,,,48.0,3.0,,
72,Germany_Baseload#19#0#10000106,2021-10-15 06:40:20.919000,136.6,1.0,138.75,1.0,136.55,1.0,139.0,1.0,136.5,1.0,140.0,3.0,135.3,1.0,140.5,1.0,135.0,1.0,144.4,5.0,133.0,1.0,,,129.9,1.0,,,129.8,1.0,,,52.0,1.0,,,48.0,3.0,,
73,Germany_Baseload#19#0#10000106,2021-10-15 06:40:57.426000,136.6,1.0,138.75,1.0,136.55,1.0,140.0,5.0,136.5,1.0,140.5,1.0,135.3,1.0,144.4,5.0,135.0,1.0,,,133.0,1.0,,,129.9,1.0,,,129.8,1.0,,,52.0,1.0,,,48.0,3.0,,
74,Germany_Baseload#19#0#10000106,2021-10-15 06:40:57.455000,136.6,1.0,138.75,1.0,136.55,1.0,140.0,5.0,136.5,1.0,140.5,1.0,135.3,1.0,144.4,5.0,135.0,1.0,,,133.0,1.0,,,129.9,1.0,,,129.8,1.0,,,52.0,1.0,,,48.0,3.0,,
75,Germany_Baseload#19#0#10000106,2021-10-15 06:40:58.383000,136.6,1.0,138.75,2.0,136.55,1.0,140.0,5.0,136.5,1.0,140.5,1.0,135.3,1.0,,,135.0,1.0,,,133.0,1.0,,,129.9,1.0,,,129.8,1.0,,,52.0,1.0,,,48.0,3.0,,
76,Germany_Baseload#19#0#10000106,2021-10-15 06:41:07.225000,136.6,1.0,138.75,2.0,136.55,1.0,140.0,5.0,136.5,1.0,140.5,1.0,135.3,1.0,144.2,5.0,135.0,1.0,,,133.0,1.0,,,129.9,1.0,,,129.8,1.0,,,52.0,1.0,,,48.0,3.0,,
77,Germany_Baseload#19#0#10000106,2021-10-15 06:41:25.173000,136.6,1.0,138.75,2.0,136.55,1.0,140.0,5.0,136.5,1.0,140.5,1.0,135.3,1.0,,,135.0,1.0,,,133.0,1.0,,,129.9,1.0,,,129.8,1.0,,,52.0,1.0,,,48.0,3.0,,
78,Germany_Baseload#19#0#10000106,2021-10-15 06:41:30.984000,136.6,1.0,138.75,2.0,136.55,1.0,140.0,5.0,136.5,1.0,140.5,1.0,135.3,1.0,144.2,5.0,135.0,1.0,,,133.0,1.0,,,129.9,1.0,,,129.8,1.0,,,52.0,1.0,,,48.0,3.0,,
79,Germany_Baseload#19#0#10000106,2021-10-15 06:41:51.002000,136.65,1.0,138.75,2.0,136.6,1.0,140.0,5.0,136.5,1.0,140.5,1.0,135.3,1.0,144.2,5.0,135.0,1.0,,,133.0,1.0,,,129.9,1.0,,,129.8,1.0,,,52.0,1.0,,,48.0,3.0,,
80,Germany_Baseload#19#0#10000106,2021-10-15 06:42:29.739000,136.7,1.0,138.75,2.0,136.65,1.0,140.0,5.0,136.5,1.0,140.5,1.0,135.3,1.0,144.2,5.0,135.0,1.0,,,133.0,1.0,,,129.9,1.0,,,129.8,1.0,,,52.0,1.0,,,48.0,3.0,,
81,Germany_Baseload#19#0#10000106,2021-10-15 06:42:30.139000,136.7,1.0,138.75,2.0,136.65,1.0,140.0,5.0,136.5,1.0,140.4,5.0,135.3,1.0,140.5,1.0,135.0,1.0,,,133.0,1.0,,,129.9,1.0,,,129.8,1.0,,,52.0,1.0,,,48.0,3.0,,
82,Germany_Baseload#19#0#10000106,2021-10-15 06:42:36.450000,136.7,1.0,138.75,1.0,136.65,1.0,140.0,5.0,136.5,1.0,140.4,5.0,135.3,1.0,140.5,1.0,135.0,1.0,,,133.0,1.0,,,129.9,1.0,,,129.8,1.0,,,52.0,1.0,,,48.0,3.0,,
83,Germany_Baseload#19#0#10000106,2021-10-15 06:42:52.100000,136.7,1.0,138.75,2.0,136.65,1.0,140.0,5.0,136.5,1.0,140.5,1.0,135.3,1.0,,,135.0,1.0,,,133.0,1.0,,,129.9,1.0,,,129.8,1.0,,,52.0,1.0,,,48.0,3.0,,
84,Germany_Baseload#19#0#10000106,2021-10-15 06:42:59.124000,136.7,1.0,138.75,2.0,136.65,1.0,140.0,5.0,136.5,1.0,140.4,5.0,135.3,1.0,140.5,1.0,135.0,1.0,,,133.0,1.0,,,129.9,1.0,,,129.8,1.0,,,52.0,1.0,,,48.0,3.0,,
85,Germany_Baseload#19#0#10000106,2021-10-15 06:43:25.738000,136.7,1.0,138.75,2.0,136.65,1.0,140.0,5.0,136.5,1.0,140.5,1.0,135.3,1.0,,,135.0,1.0,,,133.0,1.0,,,129.9,1.0,,,129.8,1.0,,,52.0,1.0,,,48.0,3.0,,
86,Germany_Baseload#19#0#10000106,2021-10-15 06:43:36.826000,136.7,1.0,138.75,2.0,136.65,1.0,140.0,5.0,136.5,1.0,140.5,1.0,135.3,1.0,144.2,5.0,135.0,1.0,,,133.0,1.0,,,129.9,1.0,,,129.8,1.0,,,52.0,1.0,,,48.0,3.0,,
87,Germany_Baseload#19#0#10000106,2021-10-15 06:43:38.847000,136.7,1.0,138.75,2.0,136.65,1.0,140.0,5.0,136.5,1.0,140.5,1.0,135.3,1.0,,,135.0,1.0,,,133.0,1.0,,,129.9,1.0,,,129.8,1.0,,,52.0,1.0,,,48.0,3.0,,
88,Germany_Baseload#19#0#10000106,2021-10-15 06:43:38.998000,136.7,1.0,138.75,2.0,136.65,1.0,140.0,5.0,136.5,1.0,140.5,1.0,135.3,1.0,144.2,5.0,135.0,1.0,,,133.0,1.0,,,129.9,1.0,,,129.8,1.0,,,52.0,1.0,,,48.0,3.0,,
89,Germany_Baseload#19#0#10000106,2021-10-15 06:43:58.606000,136.7,1.0,138.5,1.0,136.65,1.0,138.75,2.0,136.5,1.0,140.0,5.0,135.3,1.0,140.5,1.0,135.0,1.0,144.2,5.0,133.0,1.0,,,129.9,1.0,,,129.8,1.0,,,52.0,1.0,,,48.0,3.0,,
90,Germany_Baseload#19#0#10000106,2021-10-15 06:44:04.718000,136.7,1.0,138.2,1.0,136.65,1.0,138.5,1.0,136.5,1.0,138.75,2.0,135.3,1.0,140.0,5.0,135.0,1.0,140.5,1.0,133.0,1.0,144.2,5.0,129.9,1.0,,,129.8,1.0,,,52.0,1.0,,,48.0,3.0,,
91,Germany_Baseload#19#0#10000106,2021-10-15 06:44:17.631000,136.7,1.0,138.2,1.0,136.65,1.0,138.5,1.0,136.5,1.0,138.75,2.0,135.3,1.0,140.0,5.0,135.0,1.0,140.5,1.0,133.0,1.0,143.4,5.0,129.9,1.0,,,129.8,1.0,,,52.0,1.0,,,48.0,3.0,,
92,Germany_Baseload#19#0#10000106,2021-10-15 06:44:59.563000,136.75,1.0,138.2,1.0,136.7,1.0,138.5,1.0,136.5,1.0,138.75,2.0,135.3,1.0,140.0,5.0,135.0,1.0,140.5,1.0,133.0,1.0,143.4,5.0,129.9,1.0,,,129.8,1.0,,,52.0,1.0,,,48.0,3.0,,
93,Germany_Baseload#19#0#10000106,2021-10-15 06:45:05.778000,136.75,1.0,138.0,1.0,136.7,1.0,138.2,1.0,136.5,1.0,138.75,2.0,135.3,1.0,140.0,5.0,135.0,1.0,140.5,1.0,133.0,1.0,143.4,5.0,129.9,1.0,,,129.8,1.0,,,52.0,1.0,,,48.0,3.0,,
94,Germany_Baseload#19#0#10000106,2021-10-15 06:45:07.292000,136.75,1.0,138.0,1.0,136.7,1.0,138.2,1.0,135.3,1.0,138.75,2.0,135.0,1.0,140.0,5.0,133.0,1.0,140.5,1.0,129.9,1.0,143.4,5.0,129.8,1.0,,,52.0,1.0,,,48.0,3.0,,,,,,
95,Germany_Baseload#19#0#10000106,2021-10-15 06:45:07.326000,136.75,2.0,138.0,1.0,136.7,1.0,138.2,1.0,135.3,1.0,138.75,2.0,135.0,1.0,140.0,5.0,133.0,1.0,140.5,1.0,129.9,1.0,143.4,5.0,129.8,1.0,,,52.0,1.0,,,48.0,3.0,,,,,,
96,Germany_Baseload#19#0#10000106,2021-10-15 06:45:07.391000,136.75,2.0,138.0,1.0,136.7,1.0,138.2,1.0,135.3,1.0,138.75,2.0,135.0,2.0,140.0,5.0,133.0,1.0,140.5,1.0,129.9,1.0,143.4,5.0,129.8,1.0,,,52.0,1.0,,,48.0,3.0,,,,,,
97,Germany_Baseload#19#0#10000106,2021-10-15 06:45:07.510000,136.75,2.0,138.0,1.0,136.7,1.0,138.2,1.0,135.3,1.0,138.75,2.0,135.0,2.0,140.0,5.0,129.9,1.0,140.5,1.0,129.8,1.0,143.4,5.0,52.0,1.0,,,48.0,3.0,,,,,,,,,,
98,Germany_Baseload#19#0#10000106,2021-10-15 06:45:23.266000,136.75,2.0,138.0,1.0,136.7,1.0,138.2,1.0,135.3,1.0,138.75,2.0,135.0,2.0,140.0,5.0,129.9,1.0,140.5,1.0,129.8,1.0,,,52.0,1.0,,,48.0,3.0,,,,,,,,,,
99,Germany_Baseload#19#0#10000106,2021-10-15 06:45:27.773000,136.75,2.0,138.0,1.0,136.7,1.0,138.2,1.0,135.3,1.0,138.75,2.0,135.0,2.0,140.0,5.0,129.9,1.0,140.5,1.0,129.8,1.0,143.4,5.0,52.0,1.0,,,48.0,3.0,,,,,,,,,,
100,Germany_Baseload#19#0#10000106,2021-10-15 06:45:29.543000,136.75,2.0,138.0,1.0,136.7,1.0,138.2,1.0,135.3,1.0,138.75,1.0,135.0,2.0,140.0,5.0,129.9,1.0,140.5,1.0,129.8,1.0,143.4,5.0,52.0,1.0,,,48.0,3.0,,,,,,,,,,
101,Germany_Baseload#19#0#10000106,2021-10-15 06:45:33.304000,136.75,2.0,138.0,1.0,136.7,1.0,138.2,1.0,135.3,1.0,138.75,1.0,135.0,2.0,140.0,5.0,129.9,1.0,140.5,1.0,129.8,1.0,,,52.0,1.0,,,48.0,3.0,,,,,,,,,,
102,Germany_Baseload#19#0#10000106,2021-10-15 06:45:33.519000,136.75,2.0,138.0,1.0,136.7,1.0,138.2,1.0,135.3,1.0,138.75,1.0,135.0,2.0,140.0,5.0,129.9,1.0,140.5,1.0,129.8,1.0,143.4,5.0,52.0,1.0,,,48.0,3.0,,,,,,,,,,
103,Germany_Baseload#19#0#10000106,2021-10-15 06:45:36.793000,136.75,2.0,138.0,1.0,136.7,1.0,138.2,1.0,135.3,1.0,138.75,1.0,135.0,2.0,140.0,5.0,129.9,1.0,140.5,1.0,129.8,1.0,143.2,5.0,52.0,1.0,,,48.0,3.0,,,,,,,,,,
104,Germany_Baseload#19#0#10000106,2021-10-15 06:45:39.708000,136.75,2.0,138.0,1.0,136.7,1.0,138.2,1.0,135.3,1.0,138.75,1.0,135.0,1.0,140.0,5.0,129.9,1.0,140.5,1.0,129.8,1.0,143.2,5.0,52.0,1.0,,,48.0,3.0,,,,,,,,,,
105,Germany_Baseload#19#0#10000106,2021-10-15 06:45:47.976000,136.75,2.0,138.0,1.0,136.7,1.0,138.2,1.0,135.3,1.0,138.75,1.0,135.0,1.0,140.0,5.0,129.9,1.0,140.5,1.0,129.8,1.0,,,52.0,1.0,,,48.0,3.0,,,,,,,,,,
106,Germany_Baseload#19#0#10000106,2021-10-15 06:45:48.077000,136.75,2.0,138.0,1.0,136.7,1.0,138.2,1.0,135.3,1.0,138.75,1.0,135.0,1.0,140.0,5.0,129.9,1.0,140.5,1.0,129.8,1.0,143.2,5.0,52.0,1.0,,,48.0,3.0,,,,,,,,,,
107,Germany_Baseload#19#0#10000106,2021-10-15 06:45:50.350000,136.75,1.0,138.0,1.0,136.7,1.0,138.2,1.0,136.25,1.0,138.75,1.0,135.3,1.0,140.0,5.0,135.0,1.0,140.5,1.0,129.9,1.0,143.2,5.0,129.8,1.0,,,52.0,1.0,,,48.0,3.0,,,,,,
108,Germany_Baseload#19#0#10000106,2021-10-15 06:46:00.521000,136.75,1.0,138.0,1.0,136.7,1.0,138.2,1.0,136.25,1.0,138.75,1.0,135.3,1.0,140.0,5.0,135.0,1.0,140.5,1.0,129.9,1.0,143.0,5.0,129.8,1.0,,,52.0,1.0,,,48.0,3.0,,,,,,
109,Germany_Baseload#19#0#10000106,2021-10-15 06:46:14.160000,136.75,1.0,138.0,1.0,136.7,1.0,138.2,1.0,136.25,1.0,138.75,1.0,135.3,1.0,140.0,5.0,135.0,1.0,140.5,1.0,129.9,1.0,,,129.8,1.0,,,52.0,1.0,,,48.0,3.0,,,,,,
110,Germany_Baseload#19#0#10000106,2021-10-15 06:46:14.419000,136.75,1.0,138.0,1.0,136.7,1.0,138.2,1.0,136.25,1.0,138.75,1.0,135.3,1.0,140.0,5.0,135.0,1.0,140.5,1.0,129.9,1.0,143.0,5.0,129.8,1.0,,,52.0,1.0,,,48.0,3.0,,,,,,
111,Germany_Baseload#19#0#10000106,2021-10-15 06:46:16.187000,136.75,1.0,138.0,1.0,136.7,1.0,138.2,1.0,136.25,1.0,138.75,1.0,135.3,1.0,140.0,5.0,135.0,1.0,140.5,1.0,129.9,1.0,,,129.8,1.0,,,52.0,1.0,,,48.0,3.0,,,,,,
112,Germany_Baseload#19#0#10000106,2021-10-15 06:47:38.296000,136.75,1.0,137.25,1.0,136.7,1.0,138.0,1.0,136.25,1.0,138.2,1.0,135.3,1.0,138.75,1.0,135.0,1.0,140.0,5.0,129.9,1.0,140.5,1.0,129.8,1.0,,,52.0,1.0,,,48.0,3.0,,,,,,
113,Germany_Baseload#19#0#10000106,2021-10-15 06:47:54.259000,136.7,1.0,137.25,1.0,136.25,1.0,138.0,1.0,135.3,1.0,138.2,1.0,135.0,1.0,138.75,1.0,129.9,1.0,140.0,5.0,129.8,1.0,140.5,1.0,52.0,1.0,,,48.0,3.0,,,,,,,,,,
114,Germany_Baseload#19#0#10000106,2021-10-15 06:47:57.384000,136.25,1.0,137.25,1.0,135.3,1.0,138.0,1.0,135.0,1.0,138.2,1.0,129.9,1.0,138.75,1.0,129.8,1.0,140.0,5.0,52.0,1.0,140.5,1.0,48.0,3.0,,,,,,,,,,,,,,
115,Germany_Baseload#19#0#10000106,2021-10-15 06:48:06.631000,136.0,1.0,137.25,1.0,135.3,1.0,138.0,1.0,135.0,1.0,138.2,1.0,129.9,1.0,138.75,1.0,129.8,1.0,140.0,5.0,52.0,1.0,140.5,1.0,48.0,3.0,,,,,,,,,,,,,,
116,Germany_Baseload#19#0#10000106,2021-10-15 06:48:08.250000,136.0,1.0,137.0,1.0,135.3,1.0,137.25,1.0,135.0,1.0,138.0,1.0,129.9,1.0,138.2,1.0,129.8,1.0,138.75,1.0,52.0,1.0,140.0,5.0,48.0,3.0,140.5,1.0,,,,,,,,,,,,
117,Germany_Baseload#19#0#10000106,2021-10-15 06:48:08.440000,136.0,1.0,137.0,1.0,135.3,1.0,137.25,1.0,135.0,1.0,138.0,1.0,129.9,1.0,138.2,1.0,129.8,1.0,138.75,1.0,52.0,1.0,139.8,5.0,48.0,3.0,140.0,5.0,,,140.5,1.0,,,,,,,,
118,Germany_Baseload#19#0#10000106,2021-10-15 06:48:20.057000,135.3,1.0,137.0,1.0,135.0,1.0,137.25,1.0,129.9,1.0,138.0,1.0,129.8,1.0,138.2,1.0,52.0,1.0,138.75,1.0,48.0,3.0,139.8,5.0,,,140.0,5.0,,,140.5,1.0,,,,,,,,
119,Germany_Baseload#19#0#10000106,2021-10-15 06:48:21.327000,135.3,1.0,137.0,1.0,135.0,1.0,137.25,1.0,129.9,1.0,138.0,1.0,129.8,1.0,138.2,1.0,52.0,1.0,138.75,1.0,48.0,3.0,140.0,5.0,,,140.5,1.0,,,,,,,,,,,,
120,Germany_Baseload#19#0#10000106,2021-10-15 06:48:27.872000,135.3,1.0,137.0,2.0,135.0,1.0,137.25,1.0,129.9,1.0,138.0,1.0,129.8,1.0,138.2,1.0,52.0,1.0,138.75,1.0,48.0,3.0,140.0,5.0,,,140.5,1.0,,,,,,,,,,,,
121,Germany_Baseload#19#0#10000106,2021-10-15 06:48:32.632000,135.3,1.0,137.0,1.0,135.0,1.0,137.25,1.0,129.9,1.0,138.0,1.0,129.8,1.0,138.2,1.0,52.0,1.0,138.75,1.0,48.0,3.0,140.0,5.0,,,140.5,1.0,,,,,,,,,,,,
122,Germany_Baseload#19#0#10000106,2021-10-15 06:48:32.637000,135.3,1.0,136.7,1.0,135.0,1.0,137.0,1.0,129.9,1.0,137.25,1.0,129.8,1.0,138.0,1.0,52.0,1.0,138.2,1.0,48.0,3.0,138.75,1.0,,,140.0,5.0,,,140.5,1.0,,,,,,,,
123,Germany_Baseload#19#0#10000106,2021-10-15 06:48:33.697000,136.0,1.0,136.7,1.0,135.3,1.0,137.0,1.0,135.0,1.0,137.25,1.0,129.9,1.0,138.0,1.0,129.8,1.0,138.2,1.0,52.0,1.0,138.75,1.0,48.0,3.0,140.0,5.0,,,140.5,1.0,,,,,,,,
124,Germany_Baseload#19#0#10000106,2021-10-15 06:48:33.811000,136.0,1.0,136.7,1.0,135.3,1.0,137.0,1.0,135.0,1.0,137.25,1.0,133.0,1.0,138.0,1.0,129.9,1.0,138.2,1.0,129.8,1.0,138.75,1.0,52.0,1.0,140.0,5.0,48.0,3.0,140.5,1.0,,,,,,,,
125,Germany_Baseload#19#0#10000106,2021-10-15 06:48:33.828000,136.0,1.0,136.7,1.0,135.3,1.0,136.75,1.0,135.0,1.0,137.0,1.0,133.0,1.0,137.25,1.0,129.9,1.0,138.0,1.0,129.8,1.0,138.2,1.0,52.0,1.0,138.75,1.0,48.0,3.0,140.0,5.0,,,140.5,1.0,,,,
126,Germany_Baseload#19#0#10000106,2021-10-15 06:48:37.053000,136.0,1.0,136.7,1.0,135.3,1.0,136.75,1.0,135.0,1.0,137.0,1.0,133.0,1.0,137.25,1.0,129.9,1.0,138.0,1.0,129.8,1.0,138.2,1.0,125.6,5.0,138.75,1.0,52.0,1.0,140.0,5.0,48.0,3.0,140.5,1.0,,,,
127,Germany_Baseload#19#0#10000106,2021-10-15 06:48:39.621000,136.0,1.0,136.7,1.0,135.3,1.0,136.75,1.0,135.0,1.0,137.0,1.0,133.0,1.0,137.25,1.0,129.9,1.0,138.0,1.0,129.8,1.0,138.2,1.0,52.0,1.0,138.75,1.0,48.0,3.0,140.0,5.0,,,140.5,1.0,,,,
128,Germany_Baseload#19#0#10000106,2021-10-15 06:48:39.840000,136.0,1.0,136.7,1.0,135.3,1.0,136.75,1.0,135.0,1.0,137.0,1.0,133.0,1.0,137.25,1.0,129.9,1.0,138.0,1.0,129.8,1.0,138.2,1.0,126.0,5.0,138.75,1.0,52.0,1.0,140.0,5.0,48.0,3.0,140.5,1.0,,,,
129,Germany_Baseload#19#0#10000106,2021-10-15 06:48:48.818000,136.0,1.0,136.7,1.0,135.3,1.0,136.75,1.0,135.0,1.0,136.8,1.0,133.0,1.0,137.0,1.0,129.9,1.0,137.25,1.0,129.8,1.0,138.0,1.0,126.0,5.0,138.2,1.0,52.0,1.0,138.75,1.0,48.0,3.0,140.0,5.0,,,140.5,1.0
130,Germany_Baseload#19#0#10000106,2021-10-15 06:48:53.478000,136.0,1.0,136.7,1.0,135.9,1.0,136.75,1.0,135.3,1.0,136.8,1.0,135.0,1.0,137.0,1.0,133.0,1.0,137.25,1.0,129.9,1.0,138.0,1.0,129.8,1.0,138.2,1.0,126.0,5.0,138.75,1.0,52.0,1.0,140.0,5.0,48.0,3.0,140.5,1.0
131,Germany_Baseload#19#0#10000106,2021-10-15 06:49:02.837000,136.0,1.0,136.7,1.0,135.9,1.0,136.75,1.0,135.3,1.0,136.8,1.0,135.0,1.0,137.0,1.0,133.0,1.0,137.25,1.0,129.9,1.0,138.0,1.0,129.8,1.0,138.2,1.0,125.8,5.0,138.75,1.0,52.0,1.0,140.0,5.0,48.0,3.0,140.5,1.0
132,Germany_Baseload#19#0#10000106,2021-10-15 06:49:16.068000,136.0,1.0,136.7,1.0,135.9,1.0,136.75,1.0,135.3,1.0,136.8,1.0,135.0,1.0,137.0,1.0,133.0,1.0,137.25,1.0,129.9,1.0,138.0,1.0,129.8,1.0,138.2,1.0,52.0,1.0,138.75,1.0,48.0,3.0,140.0,5.0,,,140.5,1.0
133,Germany_Baseload#19#0#10000106,2021-10-15 06:49:23.241000,136.0,1.0,136.7,1.0,135.9,1.0,136.75,1.0,135.3,1.0,136.8,1.0,135.0,1.0,137.0,1.0,133.0,1.0,137.25,1.0,129.9,1.0,138.0,1.0,129.8,1.0,138.2,1.0,125.6,5.0,138.75,1.0,52.0,1.0,140.0,5.0,48.0,3.0,140.5,1.0
134,Germany_Baseload#19#0#10000106,2021-10-15 06:49:23.344000,136.0,1.0,136.7,1.0,135.9,1.0,136.75,1.0,135.3,1.0,136.8,1.0,135.0,1.0,137.0,1.0,133.0,1.0,137.25,1.0,129.9,1.0,138.0,1.0,129.8,1.0,138.2,1.0,52.0,1.0,138.75,1.0,48.0,3.0,140.0,5.0,,,140.5,1.0
135,Germany_Baseload#19#0#10000106,2021-10-15 06:49:24.576000,135.9,1.0,136.7,1.0,135.3,1.0,136.75,1.0,135.0,1.0,136.8,1.0,133.0,1.0,137.0,1.0,129.9,1.0,137.25,1.0,129.8,1.0,138.0,1.0,52.0,1.0,138.2,1.0,48.0,3.0,138.75,1.0,,,140.0,5.0,,,140.5,1.0
136,Germany_Baseload#19#0#10000106,2021-10-15 06:49:24.678000,135.9,1.0,136.7,1.0,135.75,1.0,136.75,1.0,135.3,1.0,136.8,1.0,135.0,1.0,137.0,1.0,133.0,1.0,137.25,1.0,129.9,1.0,138.0,1.0,129.8,1.0,138.2,1.0,52.0,1.0,138.75,1.0,48.0,3.0,140.0,5.0,,,140.5,1.0
137,Germany_Baseload#19#0#10000106,2021-10-15 06:49:24.679000,135.75,1.0,136.7,1.0,135.3,1.0,136.75,1.0,135.0,1.0,136.8,1.0,134.9,1.0,137.0,1.0,133.0,1.0,137.25,1.0,129.9,1.0,138.0,1.0,129.8,1.0,138.2,1.0,52.0,1.0,138.75,1.0,48.0,3.0,140.0,5.0,,,140.5,1.0
138,Germany_Baseload#19#0#10000106,2021-10-15 06:49:24.693000,135.75,1.0,136.7,1.0,135.3,1.0,136.75,1.0,135.0,1.0,136.8,1.0,134.9,1.0,137.0,1.0,129.9,1.0,137.25,1.0,129.8,1.0,138.0,1.0,52.0,1.0,138.2,1.0,48.0,3.0,138.75,1.0,,,140.0,5.0,,,140.5,1.0
139,Germany_Baseload#19#0#10000106,2021-10-15 06:49:24.797000,135.75,1.0,136.7,1.0,135.3,1.0,136.75,1.0,135.0,1.0,136.8,1.0,134.9,1.0,137.0,1.0,133.0,1.0,137.25,1.0,129.9,1.0,138.0,1.0,129.8,1.0,138.2,1.0,52.0,1.0,138.75,1.0,48.0,3.0,140.0,5.0,,,140.5,1.0
140,Germany_Baseload#19#0#10000106,2021-10-15 06:49:27.833000,135.3,1.0,136.7,1.0,135.0,1.0,136.75,1.0,134.9,1.0,136.8,1.0,133.0,1.0,137.0,1.0,129.9,1.0,137.25,1.0,129.8,1.0,138.0,1.0,52.0,1.0,138.2,1.0,48.0,3.0,138.75,1.0,,,140.0,5.0,,,140.5,1.0
141,Germany_Baseload#19#0#10000106,2021-10-15 06:49:27.911000,135.5,1.0,136.7,1.0,135.3,1.0,136.75,1.0,135.0,1.0,136.8,1.0,134.9,1.0,137.0,1.0,133.0,1.0,137.25,1.0,129.9,1.0,138.0,1.0,129.8,1.0,138.2,1.0,52.0,1.0,138.75,1.0,48.0,3.0,140.0,5.0,,,140.5,1.0
142,Germany_Baseload#19#0#10000106,2021-10-15 06:49:27.964000,135.5,1.0,136.7,1.0,135.3,1.0,136.75,1.0,135.0,1.0,136.8,1.0,134.9,1.0,137.0,1.0,129.9,1.0,137.25,1.0,129.8,1.0,138.0,1.0,52.0,1.0,138.2,1.0,48.0,3.0,138.75,1.0,,,140.0,5.0,,,140.5,1.0
143,Germany_Baseload#19#0#10000106,2021-10-15 06:49:31.239000,135.5,1.0,136.7,1.0,135.3,1.0,136.74,1.0,135.0,1.0,136.75,1.0,134.9,1.0,136.8,1.0,129.9,1.0,137.0,1.0,129.8,1.0,137.25,1.0,52.0,1.0,138.0,1.0,48.0,3.0,138.2,1.0,,,138.75,1.0,,,140.0,5.0
144,Germany_Baseload#19#0#10000106,2021-10-15 06:49:31.335000,135.5,1.0,136.7,1.0,135.3,1.0,136.73,1.0,135.0,1.0,136.75,1.0,134.9,1.0,136.8,1.0,129.9,1.0,137.0,1.0,129.8,1.0,137.25,1.0,52.0,1.0,138.0,1.0,48.0,3.0,138.2,1.0,,,138.75,1.0,,,140.0,5.0
145,Germany_Baseload#19#0#10000106,2021-10-15 06:49:31.547000,135.5,1.0,136.7,1.0,135.3,1.0,136.72,1.0,135.0,1.0,136.75,1.0,134.9,1.0,136.8,1.0,129.9,1.0,137.0,1.0,129.8,1.0,137.25,1.0,52.0,1.0,138.0,1.0,48.0,3.0,138.2,1.0,,,138.75,1.0,,,140.0,5.0
146,Germany_Baseload#19#0#10000106,2021-10-15 06:49:31.734000,135.5,1.0,136.7,1.0,135.3,1.0,136.71,1.0,135.0,1.0,136.75,1.0,134.9,1.0,136.8,1.0,129.9,1.0,137.0,1.0,129.8,1.0,137.25,1.0,52.0,1.0,138.0,1.0,48.0,3.0,138.2,1.0,,,138.75,1.0,,,140.0,5.0
147,Germany_Baseload#19#0#10000106,2021-10-15 06:49:31.945000,135.5,1.0,136.7,1.0,135.3,1.0,136.75,1.0,135.0,1.0,136.8,1.0,134.9,1.0,137.0,1.0,129.9,1.0,137.25,1.0,129.8,1.0,138.0,1.0,52.0,1.0,138.2,1.0,48.0,3.0,138.75,1.0,,,140.0,5.0,,,140.5,1.0
148,Germany_Baseload#19#0#10000106,2021-10-15 06:49:32.137000,135.5,1.0,136.69,1.0,135.3,1.0,136.7,1.0,135.0,1.0,136.75,1.0,134.9,1.0,136.8,1.0,129.9,1.0,137.0,1.0,129.8,1.0,137.25,1.0,52.0,1.0,138.0,1.0,48.0,3.0,138.2,1.0,,,138.75,1.0,,,140.0,5.0
149,Germany_Baseload#19#0#10000106,2021-10-15 06:49:32.344000,135.5,1.0,136.68,1.0,135.3,1.0,136.7,1.0,135.0,1.0,136.75,1.0,134.9,1.0,136.8,1.0,129.9,1.0,137.0,1.0,129.8,1.0,137.25,1.0,52.0,1.0,138.0,1.0,48.0,3.0,138.2,1.0,,,138.75,1.0,,,140.0,5.0
150,Germany_Baseload#19#0#10000106,2021-10-15 06:49:32.544000,135.5,1.0,136.67,1.0,135.3,1.0,136.7,1.0,135.0,1.0,136.75,1.0,134.9,1.0,136.8,1.0,129.9,1.0,137.0,1.0,129.8,1.0,137.25,1.0,52.0,1.0,138.0,1.0,48.0,3.0,138.2,1.0,,,138.75,1.0,,,140.0,5.0
151,Germany_Baseload#19#0#10000106,2021-10-15 06:49:32.739000,135.5,1.0,136.66,1.0,135.3,1.0,136.7,1.0,135.0,1.0,136.75,1.0,134.9,1.0,136.8,1.0,129.9,1.0,137.0,1.0,129.8,1.0,137.25,1.0,52.0,1.0,138.0,1.0,48.0,3.0,138.2,1.0,,,138.75,1.0,,,140.0,5.0
152,Germany_Baseload#19#0#10000106,2021-10-15 06:49:32.947000,135.5,1.0,136.65,1.0,135.3,1.0,136.7,1.0,135.0,1.0,136.75,1.0,134.9,1.0,136.8,1.0,129.9,1.0,137.0,1.0,129.8,1.0,137.25,1.0,52.0,1.0,138.0,1.0,48.0,3.0,138.2,1.0,,,138.75,1.0,,,140.0,5.0
153,Germany_Baseload#19#0#10000106,2021-10-15 06:49:33.147000,135.5,1.0,136.64,1.0,135.3,1.0,136.7,1.0,135.0,1.0,136.75,1.0,134.9,1.0,136.8,1.0,129.9,1.0,137.0,1.0,129.8,1.0,137.25,1.0,52.0,1.0,138.0,1.0,48.0,3.0,138.2,1.0,,,138.75,1.0,,,140.0,5.0
154,Germany_Baseload#19#0#10000106,2021-10-15 06:49:33.346000,135.5,1.0,136.63,1.0,135.3,1.0,136.64,1.0,135.0,1.0,136.7,1.0,134.9,1.0,136.75,1.0,129.9,1.0,136.8,1.0,129.8,1.0,137.0,1.0,52.0,1.0,137.25,1.0,48.0,3.0,138.0,1.0,,,138.2,1.0,,,138.75,1.0
155,Germany_Baseload#19#0#10000106,2021-10-15 06:49:33.347000,135.5,1.0,136.63,1.0,135.3,1.0,136.7,1.0,135.0,1.0,136.75,1.0,134.9,1.0,136.8,1.0,129.9,1.0,137.0,1.0,129.8,1.0,137.25,1.0,52.0,1.0,138.0,1.0,48.0,3.0,138.2,1.0,,,138.75,1.0,,,140.0,5.0
156,Germany_Baseload#19#0#10000106,2021-10-15 06:49:33.545000,135.5,1.0,136.62,1.0,135.3,1.0,136.7,1.0,135.0,1.0,136.75,1.0,134.9,1.0,136.8,1.0,129.9,1.0,137.0,1.0,129.8,1.0,137.25,1.0,52.0,1.0,138.0,1.0,48.0,3.0,138.2,1.0,,,138.75,1.0,,,140.0,5.0
157,Germany_Baseload#19#0#10000106,2021-10-15 06:49:33.744000,135.5,1.0,136.61,1.0,135.3,1.0,136.7,1.0,135.0,1.0,136.75,1.0,134.9,1.0,136.8,1.0,129.9,1.0,137.0,1.0,129.8,1.0,137.25,1.0,52.0,1.0,138.0,1.0,48.0,3.0,138.2,1.0,,,138.75,1.0,,,140.0,5.0
158,Germany_Baseload#19#0#10000106,2021-10-15 06:49:33.938000,135.5,1.0,136.6,1.0,135.3,1.0,136.7,1.0,135.0,1.0,136.75,1.0,134.9,1.0,136.8,1.0,129.9,1.0,137.0,1.0,129.8,1.0,137.25,1.0,52.0,1.0,138.0,1.0,48.0,3.0,138.2,1.0,,,138.75,1.0,,,140.0,5.0
159,Germany_Baseload#19#0#10000106,2021-10-15 06:49:34.145000,135.5,1.0,136.59,1.0,135.3,1.0,136.7,1.0,135.0,1.0,136.75,1.0,134.9,1.0,136.8,1.0,129.9,1.0,137.0,1.0,129.8,1.0,137.25,1.0,52.0,1.0,138.0,1.0,48.0,3.0,138.2,1.0,,,138.75,1.0,,,140.0,5.0
160,Germany_Baseload#19#0#10000106,2021-10-15 06:49:34.340000,135.5,1.0,136.58,1.0,135.3,1.0,136.7,1.0,135.0,1.0,136.75,1.0,134.9,1.0,136.8,1.0,129.9,1.0,137.0,1.0,129.8,1.0,137.25,1.0,52.0,1.0,138.0,1.0,48.0,3.0,138.2,1.0,,,138.75,1.0,,,140.0,5.0
161,Germany_Baseload#19#0#10000106,2021-10-15 06:49:34.540000,135.5,1.0,136.57,1.0,135.3,1.0,136.7,1.0,135.0,1.0,136.75,1.0,134.9,1.0,136.8,1.0,129.9,1.0,137.0,1.0,129.8,1.0,137.25,1.0,52.0,1.0,138.0,1.0,48.0,3.0,138.2,1.0,,,138.75,1.0,,,140.0,5.0
162,Germany_Baseload#19#0#10000106,2021-10-15 06:49:34.747000,135.5,1.0,136.56,1.0,135.3,1.0,136.7,1.0,135.0,1.0,136.75,1.0,134.9,1.0,136.8,1.0,129.9,1.0,137.0,1.0,129.8,1.0,137.25,1.0,52.0,1.0,138.0,1.0,48.0,3.0,138.2,1.0,,,138.75,1.0,,,140.0,5.0
163,Germany_Baseload#19#0#10000106,2021-10-15 06:49:34.950000,135.5,1.0,136.55,1.0,135.3,1.0,136.7,1.0,135.0,1.0,136.75,1.0,134.9,1.0,136.8,1.0,129.9,1.0,137.0,1.0,129.8,1.0,137.25,1.0,52.0,1.0,138.0,1.0,48.0,3.0,138.2,1.0,,,138.75,1.0,,,140.0,5.0
164,Germany_Baseload#19#0#10000106,2021-10-15 06:49:35.145000,135.5,1.0,136.54,1.0,135.3,1.0,136.7,1.0,135.0,1.0,136.75,1.0,134.9,1.0,136.8,1.0,129.9,1.0,137.0,1.0,129.8,1.0,137.25,1.0,52.0,1.0,138.0,1.0,48.0,3.0,138.2,1.0,,,138.75,1.0,,,140.0,5.0
165,Germany_Baseload#19#0#10000106,2021-10-15 06:49:35.347000,135.5,1.0,136.53,1.0,135.3,1.0,136.7,1.0,135.0,1.0,136.75,1.0,134.9,1.0,136.8,1.0,129.9,1.0,137.0,1.0,129.8,1.0,137.25,1.0,52.0,1.0,138.0,1.0,48.0,3.0,138.2,1.0,,,138.75,1.0,,,140.0,5.0
166,Germany_Baseload#19#0#10000106,2021-10-15 06:49:35.538000,135.5,1.0,136.52,1.0,135.3,1.0,136.7,1.0,135.0,1.0,136.75,1.0,134.9,1.0,136.8,1.0,129.9,1.0,137.0,1.0,129.8,1.0,137.25,1.0,52.0,1.0,138.0,1.0,48.0,3.0,138.2,1.0,,,138.75,1.0,,,140.0,5.0
167,Germany_Baseload#19#0#10000106,2021-10-15 06:49:35.739000,135.5,1.0,136.51,1.0,135.3,1.0,136.7,1.0,135.0,1.0,136.75,1.0,134.9,1.0,136.8,1.0,129.9,1.0,137.0,1.0,129.8,1.0,137.25,1.0,52.0,1.0,138.0,1.0,48.0,3.0,138.2,1.0,,,138.75,1.0,,,140.0,5.0
168,Germany_Baseload#19#0#10000106,2021-10-15 06:49:35.943000,135.5,1.0,136.5,1.0,135.3,1.0,136.7,1.0,135.0,1.0,136.75,1.0,134.9,1.0,136.8,1.0,129.9,1.0,137.0,1.0,129.8,1.0,137.25,1.0,52.0,1.0,138.0,1.0,48.0,3.0,138.2,1.0,,,138.75,1.0,,,140.0,5.0
169,Germany_Baseload#19#0#10000106,2021-10-15 06:49:36.142000,135.5,1.0,136.49,1.0,135.3,1.0,136.7,1.0,135.0,1.0,136.75,1.0,134.9,1.0,136.8,1.0,129.9,1.0,137.0,1.0,129.8,1.0,137.25,1.0,52.0,1.0,138.0,1.0,48.0,3.0,138.2,1.0,,,138.75,1.0,,,140.0,5.0
170,Germany_Baseload#19#0#10000106,2021-10-15 06:49:36.191000,135.5,1.0,136.49,1.0,135.3,1.0,136.7,1.0,135.0,1.0,136.75,1.0,134.9,1.0,136.8,1.0,129.9,1.0,137.0,1.0,129.8,1.0,137.25,1.0,52.0,1.0,138.0,1.0,48.0,3.0,138.2,1.0,,,140.0,5.0,,,140.5,1.0
171,Germany_Baseload#19#0#10000106,2021-10-15 06:49:36.310000,135.3,1.0,136.49,1.0,135.0,2.0,136.7,1.0,134.9,1.0,136.75,1.0,129.9,1.0,136.8,1.0,129.8,1.0,137.0,1.0,52.0,1.0,137.25,1.0,48.0,3.0,138.0,1.0,,,138.2,1.0,,,140.0,5.0,,,140.5,1.0
172,Germany_Baseload#19#0#10000106,2021-10-15 06:49:36.341000,135.3,1.0,136.48,1.0,135.0,2.0,136.7,1.0,134.9,1.0,136.75,1.0,129.9,1.0,136.8,1.0,129.8,1.0,137.0,1.0,52.0,1.0,137.25,1.0,48.0,3.0,138.0,1.0,,,138.2,1.0,,,140.0,5.0,,,140.5,1.0
173,Germany_Baseload#19#0#10000106,2021-10-15 06:49:36.542000,135.3,1.0,136.47,1.0,135.0,2.0,136.7,1.0,134.9,1.0,136.75,1.0,129.9,1.0,136.8,1.0,129.8,1.0,137.0,1.0,52.0,1.0,137.25,1.0,48.0,3.0,138.0,1.0,,,138.2,1.0,,,140.0,5.0,,,140.5,1.0
174,Germany_Baseload#19#0#10000106,2021-10-15 06:49:36.747000,135.3,1.0,136.46,1.0,135.0,2.0,136.7,1.0,134.9,1.0,136.75,1.0,129.9,1.0,136.8,1.0,129.8,1.0,137.0,1.0,52.0,1.0,137.25,1.0,48.0,3.0,138.0,1.0,,,138.2,1.0,,,140.0,5.0,,,140.5,1.0
175,Germany_Baseload#19#0#10000106,2021-10-15 06:49:36.948000,135.3,1.0,136.45,1.0,135.0,2.0,136.46,1.0,134.9,1.0,136.7,1.0,129.9,1.0,136.75,1.0,129.8,1.0,136.8,1.0,52.0,1.0,137.0,1.0,48.0,3.0,137.25,1.0,,,138.0,1.0,,,138.2,1.0,,,140.0,5.0
176,Germany_Baseload#19#0#10000106,2021-10-15 06:49:36.949000,135.3,1.0,136.45,1.0,135.0,2.0,136.7,1.0,134.9,1.0,136.75,1.0,129.9,1.0,136.8,1.0,129.8,1.0,137.0,1.0,52.0,1.0,137.25,1.0,48.0,3.0,138.0,1.0,,,138.2,1.0,,,140.0,5.0,,,140.5,1.0
177,Germany_Baseload#19#0#10000106,2021-10-15 06:49:37.141000,135.3,1.0,136.44,1.0,135.0,2.0,136.7,1.0,134.9,1.0,136.75,1.0,129.9,1.0,136.8,1.0,129.8,1.0,137.0,1.0,52.0,1.0,137.25,1.0,48.0,3.0,138.0,1.0,,,138.2,1.0,,,140.0,5.0,,,140.5,1.0
178,Germany_Baseload#19#0#10000106,2021-10-15 06:49:37.348000,135.3,1.0,136.43,1.0,135.0,2.0,136.7,1.0,134.9,1.0,136.75,1.0,129.9,1.0,136.8,1.0,129.8,1.0,137.0,1.0,52.0,1.0,137.25,1.0,48.0,3.0,138.0,1.0,,,138.2,1.0,,,140.0,5.0,,,140.5,1.0
179,Germany_Baseload#19#0#10000106,2021-10-15 06:49:37.542000,135.3,1.0,136.42,1.0,135.0,2.0,136.43,1.0,134.9,1.0,136.7,1.0,129.9,1.0,136.75,1.0,129.8,1.0,136.8,1.0,52.0,1.0,137.0,1.0,48.0,3.0,137.25,1.0,,,138.0,1.0,,,138.2,1.0,,,140.0,5.0
180,Germany_Baseload#19#0#10000106,2021-10-15 06:49:37.543000,135.3,1.0,136.42,1.0,135.0,2.0,136.7,1.0,134.9,1.0,136.75,1.0,129.9,1.0,136.8,1.0,129.8,1.0,137.0,1.0,52.0,1.0,137.25,1.0,48.0,3.0,138.0,1.0,,,138.2,1.0,,,140.0,5.0,,,140.5,1.0
181,Germany_Baseload#19#0#10000106,2021-10-15 06:49:37.744000,135.3,1.0,136.41,1.0,135.0,2.0,136.7,1.0,134.9,1.0,136.75,1.0,129.9,1.0,136.8,1.0,129.8,1.0,137.0,1.0,52.0,1.0,137.25,1.0,48.0,3.0,138.0,1.0,,,138.2,1.0,,,140.0,5.0,,,140.5,1.0
182,Germany_Baseload#19#0#10000106,2021-10-15 06:49:37.938000,135.3,1.0,136.4,1.0,135.0,2.0,136.7,1.0,134.9,1.0,136.75,1.0,129.9,1.0,136.8,1.0,129.8,1.0,137.0,1.0,52.0,1.0,137.25,1.0,48.0,3.0,138.0,1.0,,,138.2,1.0,,,140.0,5.0,,,140.5,1.0
183,Germany_Baseload#19#0#10000106,2021-10-15 06:49:38.139000,135.3,1.0,136.39,1.0,135.0,2.0,136.7,1.0,134.9,1.0,136.75,1.0,129.9,1.0,136.8,1.0,129.8,1.0,137.0,1.0,52.0,1.0,137.25,1.0,48.0,3.0,138.0,1.0,,,138.2,1.0,,,140.0,5.0,,,140.5,1.0
184,Germany_Baseload#19#0#10000106,2021-10-15 06:49:38.348000,135.3,1.0,136.38,1.0,135.0,2.0,136.7,1.0,134.9,1.0,136.75,1.0,129.9,1.0,136.8,1.0,129.8,1.0,137.0,1.0,52.0,1.0,137.25,1.0,48.0,3.0,138.0,1.0,,,138.2,1.0,,,140.0,5.0,,,140.5,1.0
185,Germany_Baseload#19#0#10000106,2021-10-15 06:49:38.539000,135.3,1.0,136.37,1.0,135.0,2.0,136.7,1.0,134.9,1.0,136.75,1.0,129.9,1.0,136.8,1.0,129.8,1.0,137.0,1.0,52.0,1.0,137.25,1.0,48.0,3.0,138.0,1.0,,,138.2,1.0,,,140.0,5.0,,,140.5,1.0
186,Germany_Baseload#19#0#10000106,2021-10-15 06:49:38.739000,135.3,1.0,136.36,1.0,135.0,2.0,136.7,1.0,134.9,1.0,136.75,1.0,129.9,1.0,136.8,1.0,129.8,1.0,137.0,1.0,52.0,1.0,137.25,1.0,48.0,3.0,138.0,1.0,,,138.2,1.0,,,140.0,5.0,,,140.5,1.0
187,Germany_Baseload#19#0#10000106,2021-10-15 06:49:38.945000,135.3,1.0,136.35,1.0,135.0,2.0,136.7,1.0,134.9,1.0,136.75,1.0,129.9,1.0,136.8,1.0,129.8,1.0,137.0,1.0,52.0,1.0,137.25,1.0,48.0,3.0,138.0,1.0,,,138.2,1.0,,,140.0,5.0,,,140.5,1.0
188,Germany_Baseload#19#0#10000106,2021-10-15 06:49:39.138000,135.3,1.0,136.34,1.0,135.0,2.0,136.7,1.0,134.9,1.0,136.75,1.0,129.9,1.0,136.8,1.0,129.8,1.0,137.0,1.0,52.0,1.0,137.25,1.0,48.0,3.0,138.0,1.0,,,138.2,1.0,,,140.0,5.0,,,140.5,1.0
189,Germany_Baseload#19#0#10000106,2021-10-15 06:49:39.344000,135.3,1.0,136.33,1.0,135.0,2.0,136.7,1.0,134.9,1.0,136.75,1.0,129.9,1.0,136.8,1.0,129.8,1.0,137.0,1.0,52.0,1.0,137.25,1.0,48.0,3.0,138.0,1.0,,,138.2,1.0,,,140.0,5.0,,,140.5,1.0
190,Germany_Baseload#19#0#10000106,2021-10-15 06:49:39.540000,135.3,1.0,136.32,1.0,135.0,2.0,136.33,1.0,134.9,1.0,136.7,1.0,129.9,1.0,136.75,1.0,129.8,1.0,136.8,1.0,52.0,1.0,137.0,1.0,48.0,3.0,137.25,1.0,,,138.0,1.0,,,138.2,1.0,,,140.0,5.0
191,Germany_Baseload#19#0#10000106,2021-10-15 06:49:39.541000,135.3,1.0,136.32,1.0,135.0,2.0,136.7,1.0,134.9,1.0,136.75,1.0,129.9,1.0,136.8,1.0,129.8,1.0,137.0,1.0,52.0,1.0,137.25,1.0,48.0,3.0,138.0,1.0,,,138.2,1.0,,,140.0,5.0,,,140.5,1.0
192,Germany_Baseload#19#0#10000106,2021-10-15 06:49:39.740000,135.3,1.0,136.31,1.0,135.0,2.0,136.7,1.0,134.9,1.0,136.75,1.0,129.9,1.0,136.8,1.0,129.8,1.0,137.0,1.0,52.0,1.0,137.25,1.0,48.0,3.0,138.0,1.0,,,138.2,1.0,,,140.0,5.0,,,140.5,1.0
193,Germany_Baseload#19#0#10000106,2021-10-15 06:49:39.943000,135.3,1.0,136.3,1.0,135.0,2.0,136.7,1.0,134.9,1.0,136.75,1.0,129.9,1.0,136.8,1.0,129.8,1.0,137.0,1.0,52.0,1.0,137.25,1.0,48.0,3.0,138.0,1.0,,,138.2,1.0,,,140.0,5.0,,,140.5,1.0
194,Germany_Baseload#19#0#10000106,2021-10-15 06:49:40.139000,135.3,1.0,136.29,1.0,135.0,2.0,136.7,1.0,134.9,1.0,136.75,1.0,129.9,1.0,136.8,1.0,129.8,1.0,137.0,1.0,52.0,1.0,137.25,1.0,48.0,3.0,138.0,1.0,,,138.2,1.0,,,140.0,5.0,,,140.5,1.0
195,Germany_Baseload#19#0#10000106,2021-10-15 06:49:40.344000,135.3,1.0,136.28,1.0,135.0,2.0,136.7,1.0,134.9,1.0,136.75,1.0,129.9,1.0,136.8,1.0,129.8,1.0,137.0,1.0,52.0,1.0,137.25,1.0,48.0,3.0,138.0,1.0,,,138.2,1.0,,,140.0,5.0,,,140.5,1.0
196,Germany_Baseload#19#0#10000106,2021-10-15 06:49:40.540000,135.3,1.0,136.27,1.0,135.0,2.0,136.7,1.0,134.9,1.0,136.75,1.0,129.9,1.0,136.8,1.0,129.8,1.0,137.0,1.0,52.0,1.0,137.25,1.0,48.0,3.0,138.0,1.0,,,138.2,1.0,,,140.0,5.0,,,140.5,1.0
197,Germany_Baseload#19#0#10000106,2021-10-15 06:49:40.738000,135.3,1.0,136.26,1.0,135.0,2.0,136.7,1.0,134.9,1.0,136.75,1.0,129.9,1.0,136.8,1.0,129.8,1.0,137.0,1.0,52.0,1.0,137.25,1.0,48.0,3.0,138.0,1.0,,,138.2,1.0,,,140.0,5.0,,,140.5,1.0
198,Germany_Baseload#19#0#10000106,2021-10-15 06:49:40.941000,135.3,1.0,136.25,1.0,135.0,2.0,136.26,1.0,134.9,1.0,136.7,1.0,129.9,1.0,136.75,1.0,129.8,1.0,136.8,1.0,52.0,1.0,137.0,1.0,48.0,3.0,137.25,1.0,,,138.0,1.0,,,138.2,1.0,,,140.0,5.0
199,Germany_Baseload#19#0#10000106,2021-10-15 06:49:40.942000,135.3,1.0,136.25,1.0,135.0,2.0,136.7,1.0,134.9,1.0,136.75,1.0,129.9,1.0,136.8,1.0,129.8,1.0,137.0,1.0,52.0,1.0,137.25,1.0,48.0,3.0,138.0,1.0,,,138.2,1.0,,,140.0,5.0,,,140.5,1.0
200,Germany_Baseload#19#0#10000106,2021-10-15 06:49:41.147000,135.3,1.0,136.24,1.0,135.0,2.0,136.7,1.0,134.9,1.0,136.75,1.0,129.9,1.0,136.8,1.0,129.8,1.0,137.0,1.0,52.0,1.0,137.25,1.0,48.0,3.0,138.0,1.0,,,138.2,1.0,,,140.0,5.0,,,140.5,1.0
201,Germany_Baseload#19#0#10000106,2021-10-15 06:49:41.238000,135.3,1.0,136.24,1.0,135.0,2.0,136.7,1.0,134.9,1.0,136.75,1.0,129.9,1.0,136.8,1.0,129.8,1.0,137.0,1.0,128.8,5.0,137.25,1.0,52.0,1.0,138.0,1.0,48.0,3.0,138.2,1.0,,,140.0,5.0,,,140.5,1.0
202,Germany_Baseload#19#0#10000106,2021-10-15 06:49:41.355000,135.3,1.0,136.23,1.0,135.0,2.0,136.7,1.0,134.9,1.0,136.75,1.0,129.9,1.0,136.8,1.0,129.8,1.0,137.0,1.0,128.8,5.0,137.25,1.0,52.0,1.0,138.0,1.0,48.0,3.0,138.2,1.0,,,140.0,5.0,,,140.5,1.0
203,Germany_Baseload#19#0#10000106,2021-10-15 06:49:41.540000,135.3,1.0,136.22,1.0,135.0,2.0,136.7,1.0,134.9,1.0,136.75,1.0,129.9,1.0,136.8,1.0,129.8,1.0,137.0,1.0,128.8,5.0,137.25,1.0,52.0,1.0,138.0,1.0,48.0,3.0,138.2,1.0,,,140.0,5.0,,,140.5,1.0
204,Germany_Baseload#19#0#10000106,2021-10-15 06:49:41.744000,135.3,1.0,136.21,1.0,135.0,2.0,136.7,1.0,134.9,1.0,136.75,1.0,129.9,1.0,136.8,1.0,129.8,1.0,137.0,1.0,128.8,5.0,137.25,1.0,52.0,1.0,138.0,1.0,48.0,3.0,138.2,1.0,,,140.0,5.0,,,140.5,1.0
205,Germany_Baseload#19#0#10000106,2021-10-15 06:49:41.946000,135.3,1.0,136.2,1.0,135.0,2.0,136.7,1.0,134.9,1.0,136.75,1.0,129.9,1.0,136.8,1.0,129.8,1.0,137.0,1.0,128.8,5.0,137.25,1.0,52.0,1.0,138.0,1.0,48.0,3.0,138.2,1.0,,,140.0,5.0,,,140.5,1.0
206,Germany_Baseload#19#0#10000106,2021-10-15 06:49:42.146000,135.3,1.0,136.19,1.0,135.0,2.0,136.7,1.0,134.9,1.0,136.75,1.0,129.9,1.0,136.8,1.0,129.8,1.0,137.0,1.0,128.8,5.0,137.25,1.0,52.0,1.0,138.0,1.0,48.0,3.0,138.2,1.0,,,140.0,5.0,,,140.5,1.0
207,Germany_Baseload#19#0#10000106,2021-10-15 06:49:42.341000,135.3,1.0,136.18,1.0,135.0,2.0,136.7,1.0,134.9,1.0,136.75,1.0,129.9,1.0,136.8,1.0,129.8,1.0,137.0,1.0,128.8,5.0,137.25,1.0,52.0,1.0,138.0,1.0,48.0,3.0,138.2,1.0,,,140.0,5.0,,,140.5,1.0
208,Germany_Baseload#19#0#10000106,2021-10-15 06:49:42.545000,135.3,1.0,136.17,1.0,135.0,2.0,136.7,1.0,134.9,1.0,136.75,1.0,129.9,1.0,136.8,1.0,129.8,1.0,137.0,1.0,128.8,5.0,137.25,1.0,52.0,1.0,138.0,1.0,48.0,3.0,138.2,1.0,,,140.0,5.0,,,140.5,1.0
209,Germany_Baseload#19#0#10000106,2021-10-15 06:49:42.743000,135.3,1.0,136.16,1.0,135.0,2.0,136.7,1.0,134.9,1.0,136.75,1.0,129.9,1.0,136.8,1.0,129.8,1.0,137.0,1.0,128.8,5.0,137.25,1.0,52.0,1.0,138.0,1.0,48.0,3.0,138.2,1.0,,,140.0,5.0,,,140.5,1.0
210,Germany_Baseload#19#0#10000106,2021-10-15 06:49:42.944000,135.3,1.0,136.15,1.0,135.0,2.0,136.7,1.0,134.9,1.0,136.75,1.0,129.9,1.0,136.8,1.0,129.8,1.0,137.0,1.0,128.8,5.0,137.25,1.0,52.0,1.0,138.0,1.0,48.0,3.0,138.2,1.0,,,140.0,5.0,,,140.5,1.0
211,Germany_Baseload#19#0#10000106,2021-10-15 06:49:43.145000,135.3,1.0,136.14,1.0,135.0,2.0,136.15,1.0,134.9,1.0,136.7,1.0,129.9,1.0,136.75,1.0,129.8,1.0,136.8,1.0,128.8,5.0,137.0,1.0,52.0,1.0,137.25,1.0,48.0,3.0,138.0,1.0,,,138.2,1.0,,,140.0,5.0
212,Germany_Baseload#19#0#10000106,2021-10-15 06:49:43.146000,135.3,1.0,136.14,1.0,135.0,2.0,136.7,1.0,134.9,1.0,136.75,1.0,129.9,1.0,136.8,1.0,129.8,1.0,137.0,1.0,128.8,5.0,137.25,1.0,52.0,1.0,138.0,1.0,48.0,3.0,138.2,1.0,,,140.0,5.0,,,140.5,1.0
213,Germany_Baseload#19#0#10000106,2021-10-15 06:49:43.344000,135.3,1.0,136.13,1.0,135.0,2.0,136.7,1.0,134.9,1.0,136.75,1.0,129.9,1.0,136.8,1.0,129.8,1.0,137.0,1.0,128.8,5.0,137.25,1.0,52.0,1.0,138.0,1.0,48.0,3.0,138.2,1.0,,,140.0,5.0,,,140.5,1.0
214,Germany_Baseload#19#0#10000106,2021-10-15 06:49:43.549000,135.3,1.0,136.12,1.0,135.0,2.0,136.7,1.0,134.9,1.0,136.75,1.0,129.9,1.0,136.8,1.0,129.8,1.0,137.0,1.0,128.8,5.0,137.25,1.0,52.0,1.0,138.0,1.0,48.0,3.0,138.2,1.0,,,140.0,5.0,,,140.5,1.0
215,Germany_Baseload#19#0#10000106,2021-10-15 06:49:43.777000,135.3,1.0,136.11,1.0,135.0,2.0,136.7,1.0,134.9,1.0,136.75,1.0,129.9,1.0,136.8,1.0,129.8,1.0,137.0,1.0,128.8,5.0,137.25,1.0,52.0,1.0,138.0,1.0,48.0,3.0,138.2,1.0,,,140.0,5.0,,,140.5,1.0
216,Germany_Baseload#19#0#10000106,2021-10-15 06:49:43.941000,135.3,1.0,136.1,1.0,135.0,2.0,136.7,1.0,134.9,1.0,136.75,1.0,129.9,1.0,136.8,1.0,129.8,1.0,137.0,1.0,128.8,5.0,137.25,1.0,52.0,1.0,138.0,1.0,48.0,3.0,138.2,1.0,,,140.0,5.0,,,140.5,1.0
217,Germany_Baseload#19#0#10000106,2021-10-15 06:49:44.146000,135.3,1.0,136.09,1.0,135.0,2.0,136.7,1.0,134.9,1.0,136.75,1.0,129.9,1.0,136.8,1.0,129.8,1.0,137.0,1.0,128.8,5.0,137.25,1.0,52.0,1.0,138.0,1.0,48.0,3.0,138.2,1.0,,,140.0,5.0,,,140.5,1.0
218,Germany_Baseload#19#0#10000106,2021-10-15 06:49:44.340000,135.3,1.0,136.08,1.0,135.0,2.0,136.7,1.0,134.9,1.0,136.75,1.0,129.9,1.0,136.8,1.0,129.8,1.0,137.0,1.0,128.8,5.0,137.25,1.0,52.0,1.0,138.0,1.0,48.0,3.0,138.2,1.0,,,140.0,5.0,,,140.5,1.0
219,Germany_Baseload#19#0#10000106,2021-10-15 06:49:44.542000,135.3,1.0,136.07,1.0,135.0,2.0,136.7,1.0,134.9,1.0,136.75,1.0,129.9,1.0,136.8,1.0,129.8,1.0,137.0,1.0,128.8,5.0,137.25,1.0,52.0,1.0,138.0,1.0,48.0,3.0,138.2,1.0,,,140.0,5.0,,,140.5,1.0
220,Germany_Baseload#19#0#10000106,2021-10-15 06:49:44.740000,135.3,1.0,136.06,1.0,135.0,2.0,136.7,1.0,134.9,1.0,136.75,1.0,129.9,1.0,136.8,1.0,129.8,1.0,137.0,1.0,128.8,5.0,137.25,1.0,52.0,1.0,138.0,1.0,48.0,3.0,138.2,1.0,,,140.0,5.0,,,140.5,1.0
221,Germany_Baseload#19#0#10000106,2021-10-15 06:49:44.941000,135.3,1.0,136.05,1.0,135.0,2.0,136.7,1.0,134.9,1.0,136.75,1.0,129.9,1.0,136.8,1.0,129.8,1.0,137.0,1.0,128.8,5.0,137.25,1.0,52.0,1.0,138.0,1.0,48.0,3.0,138.2,1.0,,,140.0,5.0,,,140.5,1.0
222,Germany_Baseload#19#0#10000106,2021-10-15 06:49:45.139000,135.3,1.0,136.04,1.0,135.0,2.0,136.7,1.0,134.9,1.0,136.75,1.0,129.9,1.0,136.8,1.0,129.8,1.0,137.0,1.0,128.8,5.0,137.25,1.0,52.0,1.0,138.0,1.0,48.0,3.0,138.2,1.0,,,140.0,5.0,,,140.5,1.0
223,Germany_Baseload#19#0#10000106,2021-10-15 06:49:45.342000,135.3,1.0,136.03,1.0,135.0,2.0,136.7,1.0,134.9,1.0,136.75,1.0,129.9,1.0,136.8,1.0,129.8,1.0,137.0,1.0,128.8,5.0,137.25,1.0,52.0,1.0,138.0,1.0,48.0,3.0,138.2,1.0,,,140.0,5.0,,,140.5,1.0
224,Germany_Baseload#19#0#10000106,2021-10-15 06:49:45.545000,135.3,1.0,136.02,1.0,135.0,2.0,136.7,1.0,134.9,1.0,136.75,1.0,129.9,1.0,136.8,1.0,129.8,1.0,137.0,1.0,128.8,5.0,137.25,1.0,52.0,1.0,138.0,1.0,48.0,3.0,138.2,1.0,,,140.0,5.0,,,140.5,1.0
225,Germany_Baseload#19#0#10000106,2021-10-15 06:49:45.745000,135.3,1.0,136.01,1.0,135.0,2.0,136.7,1.0,134.9,1.0,136.75,1.0,129.9,1.0,136.8,1.0,129.8,1.0,137.0,1.0,128.8,5.0,137.25,1.0,52.0,1.0,138.0,1.0,48.0,3.0,138.2,1.0,,,140.0,5.0,,,140.5,1.0
226,Germany_Baseload#19#0#10000106,2021-10-15 06:49:45.945000,135.3,1.0,136.0,1.0,135.0,2.0,136.7,1.0,134.9,1.0,136.75,1.0,129.9,1.0,136.8,1.0,129.8,1.0,137.0,1.0,128.8,5.0,137.25,1.0,52.0,1.0,138.0,1.0,48.0,3.0,138.2,1.0,,,140.0,5.0,,,140.5,1.0
227,Germany_Baseload#19#0#10000106,2021-10-15 06:49:46.156000,135.3,1.0,135.99,1.0,135.0,2.0,136.7,1.0,134.9,1.0,136.75,1.0,129.9,1.0,136.8,1.0,129.8,1.0,137.0,1.0,128.8,5.0,137.25,1.0,52.0,1.0,138.0,1.0,48.0,3.0,138.2,1.0,,,140.0,5.0,,,140.5,1.0
228,Germany_Baseload#19#0#10000106,2021-10-15 06:49:46.341000,135.3,1.0,135.98,1.0,135.0,2.0,136.7,1.0,134.9,1.0,136.75,1.0,129.9,1.0,136.8,1.0,129.8,1.0,137.0,1.0,128.8,5.0,137.25,1.0,52.0,1.0,138.0,1.0,48.0,3.0,138.2,1.0,,,140.0,5.0,,,140.5,1.0
229,Germany_Baseload#19#0#10000106,2021-10-15 06:49:46.549000,135.3,1.0,135.97,1.0,135.0,2.0,136.7,1.0,134.9,1.0,136.75,1.0,129.9,1.0,136.8,1.0,129.8,1.0,137.0,1.0,128.8,5.0,137.25,1.0,52.0,1.0,138.0,1.0,48.0,3.0,138.2,1.0,,,140.0,5.0,,,140.5,1.0
230,Germany_Baseload#19#0#10000106,2021-10-15 06:49:46.745000,135.3,1.0,135.96,1.0,135.0,2.0,136.7,1.0,134.9,1.0,136.75,1.0,129.9,1.0,136.8,1.0,129.8,1.0,137.0,1.0,128.8,5.0,137.25,1.0,52.0,1.0,138.0,1.0,48.0,3.0,138.2,1.0,,,140.0,5.0,,,140.5,1.0
231,Germany_Baseload#19#0#10000106,2021-10-15 06:49:46.945000,135.3,1.0,135.95,1.0,135.0,2.0,136.7,1.0,134.9,1.0,136.75,1.0,129.9,1.0,136.8,1.0,129.8,1.0,137.0,1.0,128.8,5.0,137.25,1.0,52.0,1.0,138.0,1.0,48.0,3.0,138.2,1.0,,,140.0,5.0,,,140.5,1.0
232,Germany_Baseload#19#0#10000106,2021-10-15 06:49:47.076000,135.3,1.0,135.95,1.0,135.0,2.0,136.7,1.0,134.9,1.0,136.75,1.0,129.9,1.0,136.8,1.0,129.8,1.0,137.0,1.0,128.6,5.0,137.25,1.0,52.0,1.0,138.0,1.0,48.0,3.0,138.2,1.0,,,140.0,5.0,,,140.5,1.0
233,Germany_Baseload#19#0#10000106,2021-10-15 06:49:47.145000,135.3,1.0,135.94,1.0,135.0,2.0,136.7,1.0,134.9,1.0,136.75,1.0,129.9,1.0,136.8,1.0,129.8,1.0,137.0,1.0,128.6,5.0,137.25,1.0,52.0,1.0,138.0,1.0,48.0,3.0,138.2,1.0,,,140.0,5.0,,,140.5,1.0
234,Germany_Baseload#19#0#10000106,2021-10-15 06:49:47.339000,135.3,1.0,135.93,1.0,135.0,2.0,135.94,1.0,134.9,1.0,136.7,1.0,129.9,1.0,136.75,1.0,129.8,1.0,136.8,1.0,128.6,5.0,137.0,1.0,52.0,1.0,137.25,1.0,48.0,3.0,138.0,1.0,,,138.2,1.0,,,140.0,5.0
235,Germany_Baseload#19#0#10000106,2021-10-15 06:49:47.340000,135.3,1.0,135.93,1.0,135.0,2.0,136.7,1.0,134.9,1.0,136.75,1.0,129.9,1.0,136.8,1.0,129.8,1.0,137.0,1.0,128.6,5.0,137.25,1.0,52.0,1.0,138.0,1.0,48.0,3.0,138.2,1.0,,,140.0,5.0,,,140.5,1.0
236,Germany_Baseload#19#0#10000106,2021-10-15 06:49:47.539000,135.3,1.0,135.92,1.0,135.0,2.0,136.7,1.0,134.9,1.0,136.75,1.0,129.9,1.0,136.8,1.0,129.8,1.0,137.0,1.0,128.6,5.0,137.25,1.0,52.0,1.0,138.0,1.0,48.0,3.0,138.2,1.0,,,140.0,5.0,,,140.5,1.0
237,Germany_Baseload#19#0#10000106,2021-10-15 06:49:47.739000,135.3,1.0,135.91,1.0,135.0,2.0,136.7,1.0,134.9,1.0,136.75,1.0,129.9,1.0,136.8,1.0,129.8,1.0,137.0,1.0,128.6,5.0,137.25,1.0,52.0,1.0,138.0,1.0,48.0,3.0,138.2,1.0,,,140.0,5.0,,,140.5,1.0
238,Germany_Baseload#19#0#10000106,2021-10-15 06:49:47.945000,135.3,1.0,135.9,1.0,135.0,2.0,136.7,1.0,134.9,1.0,136.75,1.0,129.9,1.0,136.8,1.0,129.8,1.0,137.0,1.0,128.6,5.0,137.25,1.0,52.0,1.0,138.0,1.0,48.0,3.0,138.2,1.0,,,140.0,5.0,,,140.5,1.0
239,Germany_Baseload#19#0#10000106,2021-10-15 06:49:48.144000,135.3,1.0,135.89,1.0,135.0,2.0,136.7,1.0,134.9,1.0,136.75,1.0,129.9,1.0,136.8,1.0,129.8,1.0,137.0,1.0,128.6,5.0,137.25,1.0,52.0,1.0,138.0,1.0,48.0,3.0,138.2,1.0,,,140.0,5.0,,,140.5,1.0
240,Germany_Baseload#19#0#10000106,2021-10-15 06:49:48.340000,135.3,1.0,135.88,1.0,135.0,2.0,136.7,1.0,134.9,1.0,136.75,1.0,129.9,1.0,136.8,1.0,129.8,1.0,137.0,1.0,128.6,5.0,137.25,1.0,52.0,1.0,138.0,1.0,48.0,3.0,138.2,1.0,,,140.0,5.0,,,140.5,1.0
241,Germany_Baseload#19#0#10000106,2021-10-15 06:49:48.543000,135.3,1.0,135.87,1.0,135.0,2.0,136.7,1.0,134.9,1.0,136.75,1.0,129.9,1.0,136.8,1.0,129.8,1.0,137.0,1.0,128.6,5.0,137.25,1.0,52.0,1.0,138.0,1.0,48.0,3.0,138.2,1.0,,,140.0,5.0,,,140.5,1.0
242,Germany_Baseload#19#0#10000106,2021-10-15 06:49:48.743000,135.3,1.0,135.86,1.0,135.0,2.0,136.7,1.0,134.9,1.0,136.75,1.0,129.9,1.0,136.8,1.0,129.8,1.0,137.0,1.0,128.6,5.0,137.25,1.0,52.0,1.0,138.0,1.0,48.0,3.0,138.2,1.0,,,140.0,5.0,,,140.5,1.0
243,Germany_Baseload#19#0#10000106,2021-10-15 06:49:48.939000,135.3,1.0,135.85,1.0,135.0,2.0,135.86,1.0,134.9,1.0,136.7,1.0,129.9,1.0,136.75,1.0,129.8,1.0,136.8,1.0,128.6,5.0,137.0,1.0,52.0,1.0,137.25,1.0,48.0,3.0,138.0,1.0,,,138.2,1.0,,,140.0,5.0
244,Germany_Baseload#19#0#10000106,2021-10-15 06:49:48.940000,135.3,1.0,135.85,1.0,135.0,2.0,136.7,1.0,134.9,1.0,136.75,1.0,129.9,1.0,136.8,1.0,129.8,1.0,137.0,1.0,128.6,5.0,137.25,1.0,52.0,1.0,138.0,1.0,48.0,3.0,138.2,1.0,,,140.0,5.0,,,140.5,1.0
245,Germany_Baseload#19#0#10000106,2021-10-15 06:49:49.145000,135.3,1.0,135.84,1.0,135.0,2.0,136.7,1.0,134.9,1.0,136.75,1.0,129.9,1.0,136.8,1.0,129.8,1.0,137.0,1.0,128.6,5.0,137.25,1.0,52.0,1.0,138.0,1.0,48.0,3.0,138.2,1.0,,,140.0,5.0,,,140.5,1.0
246,Germany_Baseload#19#0#10000106,2021-10-15 06:49:49.354000,135.3,1.0,135.83,1.0,135.0,2.0,136.7,1.0,134.9,1.0,136.75,1.0,129.9,1.0,136.8,1.0,129.8,1.0,137.0,1.0,128.6,5.0,137.25,1.0,52.0,1.0,138.0,1.0,48.0,3.0,138.2,1.0,,,140.0,5.0,,,140.5,1.0
247,Germany_Baseload#19#0#10000106,2021-10-15 06:49:49.538000,135.3,1.0,135.82,1.0,135.0,2.0,135.83,1.0,134.9,1.0,136.7,1.0,129.9,1.0,136.75,1.0,129.8,1.0,136.8,1.0,128.6,5.0,137.0,1.0,52.0,1.0,137.25,1.0,48.0,3.0,138.0,1.0,,,138.2,1.0,,,140.0,5.0
248,Germany_Baseload#19#0#10000106,2021-10-15 06:49:49.539000,135.3,1.0,135.82,1.0,135.0,2.0,136.7,1.0,134.9,1.0,136.75,1.0,129.9,1.0,136.8,1.0,129.8,1.0,137.0,1.0,128.6,5.0,137.25,1.0,52.0,1.0,138.0,1.0,48.0,3.0,138.2,1.0,,,140.0,5.0,,,140.5,1.0
249,Germany_Baseload#19#0#10000106,2021-10-15 06:49:49.761000,135.3,1.0,135.81,1.0,135.0,2.0,136.7,1.0,134.9,1.0,136.75,1.0,129.9,1.0,136.8,1.0,129.8,1.0,137.0,1.0,128.6,5.0,137.25,1.0,52.0,1.0,138.0,1.0,48.0,3.0,138.2,1.0,,,140.0,5.0,,,140.5,1.0
250,Germany_Baseload#19#0#10000106,2021-10-15 06:49:49.950000,135.3,1.0,135.8,1.0,135.0,2.0,136.7,1.0,134.9,1.0,136.75,1.0,129.9,1.0,136.8,1.0,129.8,1.0,137.0,1.0,128.6,5.0,137.25,1.0,52.0,1.0,138.0,1.0,48.0,3.0,138.2,1.0,,,140.0,5.0,,,140.5,1.0
251,Germany_Baseload#19#0#10000106,2021-10-15 06:49:50.151000,135.3,1.0,135.79,1.0,135.0,2.0,136.7,1.0,134.9,1.0,136.75,1.0,129.9,1.0,136.8,1.0,129.8,1.0,137.0,1.0,128.6,5.0,137.25,1.0,52.0,1.0,138.0,1.0,48.0,3.0,138.2,1.0,,,140.0,5.0,,,140.5,1.0
252,Germany_Baseload#19#0#10000106,2021-10-15 06:49:50.345000,135.3,1.0,135.78,1.0,135.0,2.0,136.7,1.0,134.9,1.0,136.75,1.0,129.9,1.0,136.8,1.0,129.8,1.0,137.0,1.0,128.6,5.0,137.25,1.0,52.0,1.0,138.0,1.0,48.0,3.0,138.2,1.0,,,140.0,5.0,,,140.5,1.0
253,Germany_Baseload#19#0#10000106,2021-10-15 06:49:50.547000,135.3,1.0,135.77,1.0,135.0,2.0,135.78,1.0,134.9,1.0,136.7,1.0,129.9,1.0,136.75,1.0,129.8,1.0,136.8,1.0,128.6,5.0,137.0,1.0,52.0,1.0,137.25,1.0,48.0,3.0,138.0,1.0,,,138.2,1.0,,,140.0,5.0
254,Germany_Baseload#19#0#10000106,2021-10-15 06:49:50.548000,135.3,1.0,135.77,1.0,135.0,2.0,136.7,1.0,134.9,1.0,136.75,1.0,129.9,1.0,136.8,1.0,129.8,1.0,137.0,1.0,128.6,5.0,137.25,1.0,52.0,1.0,138.0,1.0,48.0,3.0,138.2,1.0,,,140.0,5.0,,,140.5,1.0
255,Germany_Baseload#19#0#10000106,2021-10-15 06:49:50.571000,135.0,2.0,135.77,1.0,134.9,1.0,136.7,1.0,129.9,1.0,136.75,1.0,129.8,1.0,136.8,1.0,128.6,5.0,137.0,1.0,52.0,1.0,137.25,1.0,48.0,3.0,138.0,1.0,,,138.2,1.0,,,140.0,5.0,,,140.5,1.0
256,Germany_Baseload#19#0#10000106,2021-10-15 06:49:50.749000,135.0,2.0,135.76,1.0,134.9,1.0,136.7,1.0,129.9,1.0,136.75,1.0,129.8,1.0,136.8,1.0,128.6,5.0,137.0,1.0,52.0,1.0,137.25,1.0,48.0,3.0,138.0,1.0,,,138.2,1.0,,,140.0,5.0,,,140.5,1.0
257,Germany_Baseload#19#0#10000106,2021-10-15 06:49:50.947000,135.0,2.0,135.75,1.0,134.9,1.0,136.7,1.0,129.9,1.0,136.75,1.0,129.8,1.0,136.8,1.0,128.6,5.0,137.0,1.0,52.0,1.0,137.25,1.0,48.0,3.0,138.0,1.0,,,138.2,1.0,,,140.0,5.0,,,140.5,1.0
258,Germany_Baseload#19#0#10000106,2021-10-15 06:49:51.148000,135.0,2.0,135.74,1.0,134.9,1.0,136.7,1.0,129.9,1.0,136.75,1.0,129.8,1.0,136.8,1.0,128.6,5.0,137.0,1.0,52.0,1.0,137.25,1.0,48.0,3.0,138.0,1.0,,,138.2,1.0,,,140.0,5.0,,,140.5,1.0
259,Germany_Baseload#19#0#10000106,2021-10-15 06:49:51.340000,135.0,2.0,135.73,1.0,134.9,1.0,136.7,1.0,129.9,1.0,136.75,1.0,129.8,1.0,136.8,1.0,128.6,5.0,137.0,1.0,52.0,1.0,137.25,1.0,48.0,3.0,138.0,1.0,,,138.2,1.0,,,140.0,5.0,,,140.5,1.0
260,Germany_Baseload#19#0#10000106,2021-10-15 06:49:51.547000,135.0,2.0,135.72,1.0,134.9,1.0,136.7,1.0,129.9,1.0,136.75,1.0,129.8,1.0,136.8,1.0,128.6,5.0,137.0,1.0,52.0,1.0,137.25,1.0,48.0,3.0,138.0,1.0,,,138.2,1.0,,,140.0,5.0,,,140.5,1.0
261,Germany_Baseload#19#0#10000106,2021-10-15 06:49:51.745000,135.0,2.0,135.71,1.0,134.9,1.0,136.7,1.0,129.9,1.0,136.75,1.0,129.8,1.0,136.8,1.0,128.6,5.0,137.0,1.0,52.0,1.0,137.25,1.0,48.0,3.0,138.0,1.0,,,138.2,1.0,,,140.0,5.0,,,140.5,1.0
262,Germany_Baseload#19#0#10000106,2021-10-15 06:49:51.945000,135.0,2.0,135.7,1.0,134.9,1.0,136.7,1.0,129.9,1.0,136.75,1.0,129.8,1.0,136.8,1.0,128.6,5.0,137.0,1.0,52.0,1.0,137.25,1.0,48.0,3.0,138.0,1.0,,,138.2,1.0,,,140.0,5.0,,,140.5,1.0
263,Germany_Baseload#19#0#10000106,2021-10-15 06:49:52.141000,135.0,2.0,135.69,1.0,134.9,1.0,136.7,1.0,129.9,1.0,136.75,1.0,129.8,1.0,136.8,1.0,128.6,5.0,137.0,1.0,52.0,1.0,137.25,1.0,48.0,3.0,138.0,1.0,,,138.2,1.0,,,140.0,5.0,,,140.5,1.0
264,Germany_Baseload#19#0#10000106,2021-10-15 06:49:52.350000,135.0,2.0,135.68,1.0,134.9,1.0,136.7,1.0,129.9,1.0,136.75,1.0,129.8,1.0,136.8,1.0,128.6,5.0,137.0,1.0,52.0,1.0,137.25,1.0,48.0,3.0,138.0,1.0,,,138.2,1.0,,,140.0,5.0,,,140.5,1.0
265,Germany_Baseload#19#0#10000106,2021-10-15 06:49:52.545000,135.0,2.0,135.67,1.0,134.9,1.0,135.68,1.0,129.9,1.0,136.7,1.0,129.8,1.0,136.75,1.0,128.6,5.0,136.8,1.0,52.0,1.0,137.0,1.0,48.0,3.0,137.25,1.0,,,138.0,1.0,,,138.2,1.0,,,140.0,5.0
266,Germany_Baseload#19#0#10000106,2021-10-15 06:49:52.546000,135.0,2.0,135.67,1.0,134.9,1.0,136.7,1.0,129.9,1.0,136.75,1.0,129.8,1.0,136.8,1.0,128.6,5.0,137.0,1.0,52.0,1.0,137.25,1.0,48.0,3.0,138.0,1.0,,,138.2,1.0,,,140.0,5.0,,,140.5,1.0
267,Germany_Baseload#19#0#10000106,2021-10-15 06:49:52.748000,135.0,2.0,135.66,1.0,134.9,1.0,136.7,1.0,129.9,1.0,136.75,1.0,129.8,1.0,136.8,1.0,128.6,5.0,137.0,1.0,52.0,1.0,137.25,1.0,48.0,3.0,138.0,1.0,,,138.2,1.0,,,140.0,5.0,,,140.5,1.0
268,Germany_Baseload#19#0#10000106,2021-10-15 06:49:52.943000,135.0,2.0,135.65,1.0,134.9,1.0,135.66,1.0,129.9,1.0,136.7,1.0,129.8,1.0,136.75,1.0,128.6,5.0,136.8,1.0,52.0,1.0,137.0,1.0,48.0,3.0,137.25,1.0,,,138.0,1.0,,,138.2,1.0,,,140.0,5.0
269,Germany_Baseload#19#0#10000106,2021-10-15 06:49:52.944000,135.0,2.0,135.65,1.0,134.9,1.0,136.7,1.0,129.9,1.0,136.75,1.0,129.8,1.0,136.8,1.0,128.6,5.0,137.0,1.0,52.0,1.0,137.25,1.0,48.0,3.0,138.0,1.0,,,138.2,1.0,,,140.0,5.0,,,140.5,1.0
270,Germany_Baseload#19#0#10000106,2021-10-15 06:49:53.157000,135.0,2.0,135.64,1.0,134.9,1.0,136.7,1.0,129.9,1.0,136.75,1.0,129.8,1.0,136.8,1.0,128.6,5.0,137.0,1.0,52.0,1.0,137.25,1.0,48.0,3.0,138.0,1.0,,,138.2,1.0,,,140.0,5.0,,,140.5,1.0
271,Germany_Baseload#19#0#10000106,2021-10-15 06:49:53.344000,135.0,2.0,135.63,1.0,134.9,1.0,136.7,1.0,129.9,1.0,136.75,1.0,129.8,1.0,136.8,1.0,128.6,5.0,137.0,1.0,52.0,1.0,137.25,1.0,48.0,3.0,138.0,1.0,,,138.2,1.0,,,140.0,5.0,,,140.5,1.0
272,Germany_Baseload#19#0#10000106,2021-10-15 06:49:53.546000,135.0,2.0,135.62,1.0,134.9,1.0,135.63,1.0,129.9,1.0,136.7,1.0,129.8,1.0,136.75,1.0,128.6,5.0,136.8,1.0,52.0,1.0,137.0,1.0,48.0,3.0,137.25,1.0,,,138.0,1.0,,,138.2,1.0,,,140.0,5.0
273,Germany_Baseload#19#0#10000106,2021-10-15 06:49:53.547000,135.0,2.0,135.62,1.0,134.9,1.0,136.7,1.0,129.9,1.0,136.75,1.0,129.8,1.0,136.8,1.0,128.6,5.0,137.0,1.0,52.0,1.0,137.25,1.0,48.0,3.0,138.0,1.0,,,138.2,1.0,,,140.0,5.0,,,140.5,1.0
274,Germany_Baseload#19#0#10000106,2021-10-15 06:49:53.748000,135.0,2.0,135.61,1.0,134.9,1.0,136.7,1.0,129.9,1.0,136.75,1.0,129.8,1.0,136.8,1.0,128.6,5.0,137.0,1.0,52.0,1.0,137.25,1.0,48.0,3.0,138.0,1.0,,,138.2,1.0,,,140.0,5.0,,,140.5,1.0
275,Germany_Baseload#19#0#10000106,2021-10-15 06:49:53.940000,135.0,2.0,135.6,1.0,134.9,1.0,136.7,1.0,129.9,1.0,136.75,1.0,129.8,1.0,136.8,1.0,128.6,5.0,137.0,1.0,52.0,1.0,137.25,1.0,48.0,3.0,138.0,1.0,,,138.2,1.0,,,140.0,5.0,,,140.5,1.0
276,Germany_Baseload#19#0#10000106,2021-10-15 06:49:54.139000,135.0,2.0,135.59,1.0,134.9,1.0,136.7,1.0,129.9,1.0,136.75,1.0,129.8,1.0,136.8,1.0,128.6,5.0,137.0,1.0,52.0,1.0,137.25,1.0,48.0,3.0,138.0,1.0,,,138.2,1.0,,,140.0,5.0,,,140.5,1.0
277,Germany_Baseload#19#0#10000106,2021-10-15 06:49:54.341000,135.0,2.0,135.58,1.0,134.9,1.0,136.7,1.0,129.9,1.0,136.75,1.0,129.8,1.0,136.8,1.0,128.6,5.0,137.0,1.0,52.0,1.0,137.25,1.0,48.0,3.0,138.0,1.0,,,138.2,1.0,,,140.0,5.0,,,140.5,1.0
278,Germany_Baseload#19#0#10000106,2021-10-15 06:49:54.549000,135.0,2.0,135.57,1.0,134.9,1.0,136.7,1.0,129.9,1.0,136.75,1.0,129.8,1.0,136.8,1.0,128.6,5.0,137.0,1.0,52.0,1.0,137.25,1.0,48.0,3.0,138.0,1.0,,,138.2,1.0,,,140.0,5.0,,,140.5,1.0
279,Germany_Baseload#19#0#10000106,2021-10-15 06:49:54.744000,135.0,2.0,135.56,1.0,134.9,1.0,136.7,1.0,129.9,1.0,136.75,1.0,129.8,1.0,136.8,1.0,128.6,5.0,137.0,1.0,52.0,1.0,137.25,1.0,48.0,3.0,138.0,1.0,,,138.2,1.0,,,140.0,5.0,,,140.5,1.0
280,Germany_Baseload#19#0#10000106,2021-10-15 06:49:54.946000,135.0,2.0,135.55,1.0,134.9,1.0,136.7,1.0,129.9,1.0,136.75,1.0,129.8,1.0,136.8,1.0,128.6,5.0,137.0,1.0,52.0,1.0,137.25,1.0,48.0,3.0,138.0,1.0,,,138.2,1.0,,,140.0,5.0,,,140.5,1.0
281,Germany_Baseload#19#0#10000106,2021-10-15 06:49:55.140000,135.0,2.0,135.54,1.0,134.9,1.0,136.7,1.0,129.9,1.0,136.75,1.0,129.8,1.0,136.8,1.0,128.6,5.0,137.0,1.0,52.0,1.0,137.25,1.0,48.0,3.0,138.0,1.0,,,138.2,1.0,,,140.0,5.0,,,140.5,1.0
282,Germany_Baseload#19#0#10000106,2021-10-15 06:49:55.346000,135.0,2.0,135.53,1.0,134.9,1.0,136.7,1.0,129.9,1.0,136.75,1.0,129.8,1.0,136.8,1.0,128.6,5.0,137.0,1.0,52.0,1.0,137.25,1.0,48.0,3.0,138.0,1.0,,,138.2,1.0,,,140.0,5.0,,,140.5,1.0
283,Germany_Baseload#19#0#10000106,2021-10-15 06:49:55.540000,135.0,2.0,135.52,1.0,134.9,1.0,136.7,1.0,129.9,1.0,136.75,1.0,129.8,1.0,136.8,1.0,128.6,5.0,137.0,1.0,52.0,1.0,137.25,1.0,48.0,3.0,138.0,1.0,,,138.2,1.0,,,140.0,5.0,,,140.5,1.0
284,Germany_Baseload#19#0#10000106,2021-10-15 06:49:55.744000,135.0,2.0,135.51,1.0,134.9,1.0,136.7,1.0,129.9,1.0,136.75,1.0,129.8,1.0,136.8,1.0,128.6,5.0,137.0,1.0,52.0,1.0,137.25,1.0,48.0,3.0,138.0,1.0,,,138.2,1.0,,,140.0,5.0,,,140.5,1.0
285,Germany_Baseload#19#0#10000106,2021-10-15 06:49:55.943000,135.0,2.0,135.5,1.0,134.9,1.0,135.51,1.0,129.9,1.0,136.7,1.0,129.8,1.0,136.75,1.0,128.6,5.0,136.8,1.0,52.0,1.0,137.0,1.0,48.0,3.0,137.25,1.0,,,138.0,1.0,,,138.2,1.0,,,140.0,5.0
286,Germany_Baseload#19#0#10000106,2021-10-15 06:49:55.944000,135.0,2.0,135.5,1.0,134.9,1.0,136.7,1.0,129.9,1.0,136.75,1.0,129.8,1.0,136.8,1.0,128.6,5.0,137.0,1.0,52.0,1.0,137.25,1.0,48.0,3.0,138.0,1.0,,,138.2,1.0,,,140.0,5.0,,,140.5,1.0
287,Germany_Baseload#19#0#10000106,2021-10-15 06:49:56.139000,135.0,2.0,135.49,1.0,134.9,1.0,136.7,1.0,129.9,1.0,136.75,1.0,129.8,1.0,136.8,1.0,128.6,5.0,137.0,1.0,52.0,1.0,137.25,1.0,48.0,3.0,138.0,1.0,,,138.2,1.0,,,140.0,5.0,,,140.5,1.0
288,Germany_Baseload#19#0#10000106,2021-10-15 06:49:56.315000,135.0,2.0,135.49,1.0,134.9,1.0,136.7,1.0,129.9,1.0,136.75,1.0,129.8,1.0,136.8,1.0,52.0,1.0,137.0,1.0,48.0,3.0,137.25,1.0,,,138.0,1.0,,,138.2,1.0,,,140.0,5.0,,,140.5,1.0
289,Germany_Baseload#19#0#10000106,2021-10-15 06:49:56.340000,135.0,2.0,135.48,1.0,134.9,1.0,136.7,1.0,129.9,1.0,136.75,1.0,129.8,1.0,136.8,1.0,52.0,1.0,137.0,1.0,48.0,3.0,137.25,1.0,,,138.0,1.0,,,138.2,1.0,,,140.0,5.0,,,140.5,1.0
290,Germany_Baseload#19#0#10000106,2021-10-15 06:49:56.532000,135.0,2.0,135.47,1.0,134.9,1.0,135.48,1.0,129.9,1.0,136.7,1.0,129.8,1.0,136.75,1.0,128.6,5.0,136.8,1.0,52.0,1.0,137.0,1.0,48.0,3.0,137.25,1.0,,,138.0,1.0,,,138.2,1.0,,,140.0,5.0
291,Germany_Baseload#19#0#10000106,2021-10-15 06:49:56.545000,135.0,2.0,135.47,1.0,134.9,1.0,136.7,1.0,129.9,1.0,136.75,1.0,129.8,1.0,136.8,1.0,128.6,5.0,137.0,1.0,52.0,1.0,137.25,1.0,48.0,3.0,138.0,1.0,,,138.2,1.0,,,140.0,5.0,,,140.5,1.0
292,Germany_Baseload#19#0#10000106,2021-10-15 06:49:56.739000,135.0,2.0,135.46,1.0,134.9,1.0,135.47,1.0,129.9,1.0,136.7,1.0,129.8,1.0,136.75,1.0,128.6,5.0,136.8,1.0,52.0,1.0,137.0,1.0,48.0,3.0,137.25,1.0,,,138.0,1.0,,,138.2,1.0,,,140.0,5.0
293,Germany_Baseload#19#0#10000106,2021-10-15 06:49:56.740000,135.0,2.0,135.46,1.0,134.9,1.0,136.7,1.0,129.9,1.0,136.75,1.0,129.8,1.0,136.8,1.0,128.6,5.0,137.0,1.0,52.0,1.0,137.25,1.0,48.0,3.0,138.0,1.0,,,138.2,1.0,,,140.0,5.0,,,140.5,1.0
294,Germany_Baseload#19#0#10000106,2021-10-15 06:49:56.941000,135.0,2.0,135.45,1.0,134.9,1.0,136.7,1.0,129.9,1.0,136.75,1.0,129.8,1.0,136.8,1.0,128.6,5.0,137.0,1.0,52.0,1.0,137.25,1.0,48.0,3.0,138.0,1.0,,,138.2,1.0,,,140.0,5.0,,,140.5,1.0
295,Germany_Baseload#19#0#10000106,2021-10-15 06:49:57.145000,135.0,2.0,135.44,1.0,134.9,1.0,136.7,1.0,129.9,1.0,136.75,1.0,129.8,1.0,136.8,1.0,128.6,5.0,137.0,1.0,52.0,1.0,137.25,1.0,48.0,3.0,138.0,1.0,,,138.2,1.0,,,140.0,5.0,,,140.5,1.0
296,Germany_Baseload#19#0#10000106,2021-10-15 06:49:57.340000,135.0,2.0,135.43,1.0,134.9,1.0,136.7,1.0,129.9,1.0,136.75,1.0,129.8,1.0,136.8,1.0,128.6,5.0,137.0,1.0,52.0,1.0,137.25,1.0,48.0,3.0,138.0,1.0,,,138.2,1.0,,,140.0,5.0,,,140.5,1.0
297,Germany_Baseload#19#0#10000106,2021-10-15 06:49:57.544000,135.0,2.0,135.42,1.0,134.9,1.0,136.7,1.0,129.9,1.0,136.75,1.0,129.8,1.0,136.8,1.0,128.6,5.0,137.0,1.0,52.0,1.0,137.25,1.0,48.0,3.0,138.0,1.0,,,138.2,1.0,,,140.0,5.0,,,140.5,1.0
298,Germany_Baseload#19#0#10000106,2021-10-15 06:49:57.746000,135.0,2.0,135.41,1.0,134.9,1.0,136.7,1.0,129.9,1.0,136.75,1.0,129.8,1.0,136.8,1.0,128.6,5.0,137.0,1.0,52.0,1.0,137.25,1.0,48.0,3.0,138.0,1.0,,,138.2,1.0,,,140.0,5.0,,,140.5,1.0
299,Germany_Baseload#19#0#10000106,2021-10-15 06:49:57.945000,135.0,2.0,135.4,1.0,134.9,1.0,136.7,1.0,129.9,1.0,136.75,1.0,129.8,1.0,136.8,1.0,128.6,5.0,137.0,1.0,52.0,1.0,137.25,1.0,48.0,3.0,138.0,1.0,,,138.2,1.0,,,140.0,5.0,,,140.5,1.0
300,Germany_Baseload#19#0#10000106,2021-10-15 06:49:58.138000,135.0,2.0,135.39,1.0,134.9,1.0,136.7,1.0,129.9,1.0,136.75,1.0,129.8,1.0,136.8,1.0,128.6,5.0,137.0,1.0,52.0,1.0,137.25,1.0,48.0,3.0,138.0,1.0,,,138.2,1.0,,,140.0,5.0,,,140.5,1.0
301,Germany_Baseload#19#0#10000106,2021-10-15 06:49:58.164000,135.0,2.0,136.7,1.0,134.9,1.0,136.75,1.0,129.9,1.0,136.8,1.0,129.8,1.0,137.0,1.0,128.6,5.0,137.25,1.0,52.0,1.0,138.0,1.0,48.0,3.0,138.2,1.0,,,140.0,5.0,,,140.5,1.0,,,,
302,Germany_Baseload#19#0#10000106,2021-10-15 06:50:01.920000,135.0,2.0,136.0,1.0,134.9,1.0,136.7,1.0,129.9,1.0,136.8,1.0,129.8,1.0,137.0,1.0,128.6,5.0,137.25,1.0,52.0,1.0,138.0,1.0,48.0,3.0,138.2,1.0,,,140.0,5.0,,,140.5,1.0,,,,
303,Germany_Baseload#19#0#10000106,2021-10-15 06:50:05.336000,135.0,2.0,136.0,1.0,134.9,1.0,136.7,1.0,129.9,1.0,136.8,1.0,129.8,1.0,137.0,1.0,52.0,1.0,137.25,1.0,48.0,3.0,138.0,1.0,,,138.2,1.0,,,140.0,5.0,,,140.5,1.0,,,,
304,Germany_Baseload#19#0#10000106,2021-10-15 06:50:13.545000,135.0,1.0,136.0,1.0,134.9,1.0,136.7,1.0,129.9,1.0,136.8,1.0,129.8,1.0,137.0,1.0,52.0,1.0,137.25,1.0,48.0,3.0,138.0,1.0,,,138.2,1.0,,,140.0,5.0,,,140.5,1.0,,,,
305,Germany_Baseload#19#0#10000106,2021-10-15 06:50:13.577000,135.4,1.0,136.0,1.0,135.0,1.0,136.7,1.0,134.9,1.0,136.8,1.0,129.9,1.0,137.0,1.0,129.8,1.0,137.25,1.0,52.0,1.0,138.0,1.0,48.0,3.0,138.2,1.0,,,140.0,5.0,,,140.5,1.0,,,,
306,Germany_Baseload#19#0#10000106,2021-10-15 06:50:13.703000,135.4,1.0,136.0,1.0,135.0,1.0,136.7,1.0,134.9,1.0,136.8,1.0,133.0,1.0,137.0,1.0,129.9,1.0,137.25,1.0,129.8,1.0,138.0,1.0,52.0,1.0,138.2,1.0,48.0,3.0,140.0,5.0,,,140.5,1.0,,,,
307,Germany_Baseload#19#0#10000106,2021-10-15 06:50:18.623000,135.4,1.0,136.0,1.0,135.0,1.0,136.7,1.0,134.9,1.0,136.8,1.0,133.0,1.0,137.0,1.0,129.9,1.0,137.25,1.0,129.8,1.0,138.0,1.0,125.6,5.0,138.2,1.0,52.0,1.0,140.0,5.0,48.0,3.0,140.5,1.0,,,,
308,Germany_Baseload#19#0#10000106,2021-10-15 06:50:18.815000,135.4,1.0,135.99,1.0,135.0,1.0,136.0,1.0,134.9,1.0,136.7,1.0,133.0,1.0,136.8,1.0,129.9,1.0,137.0,1.0,129.8,1.0,137.25,1.0,125.6,5.0,138.0,1.0,52.0,1.0,138.2,1.0,48.0,3.0,140.0,5.0,,,140.5,1.0
309,Germany_Baseload#19#0#10000106,2021-10-15 06:50:21.341000,135.4,3.0,135.99,1.0,135.0,1.0,136.0,1.0,134.9,1.0,136.7,1.0,133.0,1.0,136.8,1.0,129.9,1.0,137.0,1.0,129.8,1.0,137.25,1.0,125.6,5.0,138.0,1.0,52.0,1.0,138.2,1.0,48.0,3.0,140.0,5.0,,,140.5,1.0
310,Germany_Baseload#19#0#10000106,2021-10-15 06:50:23.292000,135.4,3.0,135.99,1.0,135.0,1.0,136.0,1.0,134.9,1.0,136.7,1.0,133.0,1.0,136.8,1.0,129.9,1.0,137.0,1.0,129.8,1.0,137.25,1.0,127.6,5.0,138.0,1.0,52.0,1.0,138.2,1.0,48.0,3.0,140.0,5.0,,,140.5,1.0
311,Germany_Baseload#19#0#10000106,2021-10-15 06:50:27.283000,135.4,1.0,135.99,1.0,135.0,1.0,136.0,1.0,134.9,1.0,136.7,1.0,133.0,1.0,136.8,1.0,129.9,1.0,137.0,1.0,129.8,1.0,137.25,1.0,127.6,5.0,138.0,1.0,52.0,1.0,138.2,1.0,48.0,3.0,140.0,5.0,,,140.5,1.0
312,Germany_Baseload#19#0#10000106,2021-10-15 06:50:27.510000,135.4,4.0,135.99,1.0,135.0,1.0,136.0,1.0,134.9,1.0,136.7,1.0,133.0,1.0,136.8,1.0,129.9,1.0,137.0,1.0,129.8,1.0,137.25,1.0,52.0,1.0,138.0,1.0,48.0,3.0,138.2,1.0,,,140.0,5.0,,,140.5,1.0
313,Germany_Baseload#19#0#10000106,2021-10-15 06:50:34.067000,135.4,4.0,135.99,1.0,135.3,1.0,136.0,1.0,135.0,1.0,136.7,1.0,133.0,1.0,136.8,1.0,129.9,1.0,137.0,1.0,129.8,1.0,137.25,1.0,52.0,1.0,138.0,1.0,48.0,3.0,138.2,1.0,,,140.0,5.0,,,140.5,1.0
314,Germany_Baseload#19#0#10000106,2021-10-15 06:50:49.461000,135.4,4.0,136.0,1.0,135.3,1.0,136.7,1.0,135.0,1.0,136.8,1.0,133.0,1.0,137.0,1.0,129.9,1.0,137.25,1.0,129.8,1.0,138.0,1.0,52.0,1.0,138.2,1.0,48.0,3.0,140.0,5.0,,,140.5,1.0,,,,
315,Germany_Baseload#19#0#10000106,2021-10-15 06:50:49.577000,135.4,4.0,136.0,1.0,135.3,1.0,136.1,1.0,135.0,1.0,136.7,1.0,133.0,1.0,137.0,1.0,129.9,1.0,137.25,1.0,129.8,1.0,138.0,1.0,52.0,1.0,138.2,1.0,48.0,3.0,140.0,5.0,,,140.5,1.0,,,,
316,Germany_Baseload#19#0#10000106,2021-10-15 06:50:53.271000,135.4,4.0,136.0,1.0,135.3,1.0,136.1,1.0,135.0,1.0,136.7,1.0,133.0,1.0,137.0,1.0,129.9,1.0,137.25,1.0,129.8,1.0,138.0,1.0,52.0,1.0,138.2,1.0,48.0,3.0,140.0,5.0,,,140.5,1.0,,,141.2,5.0
317,Germany_Baseload#19#0#10000106,2021-10-15 06:51:08.021000,135.4,4.0,136.0,1.0,135.3,1.0,136.1,1.0,135.0,1.0,136.7,1.0,133.0,1.0,137.0,1.0,129.9,1.0,137.25,1.0,129.8,1.0,138.0,1.0,52.0,1.0,138.2,1.0,48.0,3.0,140.0,5.0,,,140.5,1.0,,,141.4,5.0
318,Germany_Baseload#19#0#10000106,2021-10-15 06:51:09.548000,135.4,4.0,136.0,1.0,135.3,1.0,136.1,1.0,135.0,1.0,136.7,1.0,133.0,1.0,137.0,1.0,129.9,1.0,137.25,1.0,129.8,1.0,138.0,1.0,52.0,1.0,138.2,1.0,48.0,3.0,140.0,5.0,,,140.5,1.0,,,141.8,5.0
319,Germany_Baseload#19#0#10000106,2021-10-15 06:51:21.265000,135.4,4.0,136.1,1.0,135.3,1.0,136.7,1.0,135.0,1.0,137.0,1.0,133.0,1.0,137.25,1.0,129.9,1.0,138.0,1.0,129.8,1.0,138.2,1.0,52.0,1.0,140.0,5.0,48.0,3.0,140.5,1.0,,,141.8,5.0,,,,
320,Germany_Baseload#19#0#10000106,2021-10-15 06:51:21.372000,135.4,4.0,136.7,1.0,135.3,1.0,136.8,1.0,135.0,1.0,137.0,1.0,133.0,1.0,137.25,1.0,129.9,1.0,138.0,1.0,129.8,1.0,138.2,1.0,52.0,1.0,140.0,5.0,48.0,3.0,140.5,1.0,,,141.8,5.0,,,,
321,Germany_Baseload#19#0#10000106,2021-10-15 06:51:26.108000,135.4,4.0,136.7,1.0,135.3,1.0,136.8,1.0,135.0,1.0,137.0,1.0,133.0,1.0,137.25,1.0,129.9,1.0,138.0,1.0,129.8,1.0,138.2,1.0,52.0,1.0,140.0,1.0,48.0,3.0,140.5,1.0,,,141.8,5.0,,,,
322,Germany_Baseload#19#0#10000106,2021-10-15 06:51:33.663000,135.4,4.0,136.7,1.0,135.3,1.0,136.8,1.0,135.0,1.0,137.0,1.0,133.0,1.0,137.25,1.0,129.9,1.0,138.0,1.0,129.8,1.0,138.2,1.0,52.0,1.0,140.0,1.0,48.0,3.0,140.5,1.0,,,142.0,5.0,,,,
323,Germany_Baseload#19#0#10000106,2021-10-15 06:51:35.675000,135.4,4.0,136.7,1.0,135.3,1.0,136.8,1.0,135.0,1.0,137.0,1.0,133.0,1.0,137.25,1.0,129.9,1.0,138.0,1.0,129.8,1.0,138.2,1.0,52.0,1.0,140.0,1.0,48.0,3.0,140.5,1.0,,,142.2,5.0,,,,
324,Germany_Baseload#19#0#10000106,2021-10-15 06:51:56.978000,135.4,4.0,136.7,1.0,135.3,1.0,136.8,1.0,135.0,1.0,137.0,1.0,133.0,1.0,137.25,1.0,129.9,1.0,138.0,1.0,129.8,1.0,138.2,1.0,52.0,1.0,138.64,1.0,48.0,3.0,140.0,1.0,,,140.5,1.0,,,142.2,5.0
325,Germany_Baseload#19#0#10000106,2021-10-15 06:52:11.108000,135.4,4.0,136.7,1.0,135.3,1.0,136.8,1.0,135.0,1.0,137.0,1.0,133.0,1.0,137.25,1.0,129.9,1.0,138.0,1.0,129.8,1.0,138.2,1.0,52.0,1.0,138.64,1.0,48.0,3.0,140.0,1.0,,,140.5,1.0,,,,
326,Germany_Baseload#19#0#10000106,2021-10-15 06:52:33.293000,135.5,1.0,136.7,1.0,135.4,4.0,136.8,1.0,135.3,1.0,137.0,1.0,135.0,1.0,137.25,1.0,133.0,1.0,138.0,1.0,129.9,1.0,138.2,1.0,129.8,1.0,138.64,1.0,52.0,1.0,140.0,1.0,48.0,3.0,140.5,1.0,,,,
327,Germany_Baseload#19#0#10000106,2021-10-15 06:52:33.325000,135.5,1.0,136.7,1.0,135.47,1.0,136.8,1.0,135.4,4.0,137.0,1.0,135.3,1.0,137.25,1.0,135.0,1.0,138.0,1.0,133.0,1.0,138.2,1.0,129.9,1.0,138.64,1.0,129.8,1.0,140.0,1.0,52.0,1.0,140.5,1.0,48.0,3.0,,
328,Germany_Baseload#19#0#10000106,2021-10-15 06:52:33.356000,135.5,1.0,136.7,1.0,135.47,1.0,136.8,1.0,135.44,1.0,137.0,1.0,135.4,4.0,137.25,1.0,135.3,1.0,138.0,1.0,135.0,1.0,138.2,1.0,133.0,1.0,138.64,1.0,129.9,1.0,140.0,1.0,129.8,1.0,140.5,1.0,52.0,1.0,,
329,Germany_Baseload#19#0#10000106,2021-10-15 06:52:46.184000,135.5,1.0,136.8,1.0,135.47,1.0,137.0,1.0,135.44,1.0,137.25,1.0,135.4,4.0,138.0,1.0,135.3,1.0,138.2,1.0,135.0,1.0,138.64,1.0,133.0,1.0,140.0,1.0,129.9,1.0,140.5,1.0,129.8,1.0,,,52.0,1.0,,
330,Germany_Baseload#19#0#10000106,2021-10-15 06:52:46.365000,135.5,1.0,136.8,1.0,135.47,1.0,137.0,1.0,135.44,1.0,137.25,1.0,135.4,1.0,138.0,1.0,135.0,1.0,138.2,1.0,133.0,1.0,138.64,1.0,129.9,1.0,140.0,1.0,129.8,1.0,140.5,1.0,52.0,1.0,,,48.0,3.0,,
331,Germany_Baseload#19#0#10000106,2021-10-15 06:52:46.462000,135.5,1.0,137.0,1.0,135.47,1.0,137.1,1.0,135.44,1.0,137.25,1.0,135.4,1.0,138.0,1.0,135.0,1.0,138.2,1.0,133.0,1.0,138.64,1.0,129.9,1.0,140.0,1.0,129.8,1.0,140.5,1.0,52.0,1.0,,,48.0,3.0,,
332,Germany_Baseload#19#0#10000106,2021-10-15 06:52:47.567000,135.5,1.0,136.5,1.0,135.47,1.0,137.0,1.0,135.44,1.0,137.1,1.0,135.4,1.0,137.25,1.0,135.0,1.0,138.0,1.0,133.0,1.0,138.2,1.0,129.9,1.0,138.64,1.0,129.8,1.0,140.0,1.0,52.0,1.0,140.5,1.0,48.0,3.0,,
333,Germany_Baseload#19#0#10000106,2021-10-15 06:52:54.863000,135.5,1.0,136.5,1.0,135.47,1.0,137.0,1.0,135.44,1.0,137.1,1.0,135.4,3.0,137.25,1.0,135.0,1.0,138.0,1.0,133.0,1.0,138.2,1.0,129.9,1.0,138.64,1.0,129.8,1.0,140.0,1.0,52.0,1.0,140.5,1.0,48.0,3.0,,
334,Germany_Baseload#19#0#10000106,2021-10-15 06:52:54.886000,135.5,1.0,136.5,1.0,135.47,1.0,137.0,1.0,135.44,1.0,137.1,1.0,135.4,3.0,137.25,1.0,135.0,1.0,138.0,1.0,133.0,1.0,138.2,1.0,129.9,1.0,138.64,1.0,129.8,1.0,140.0,1.0,52.0,1.0,140.5,1.0,48.0,3.0,,
335,Germany_Baseload#19#0#10000106,2021-10-15 06:52:57.133000,135.5,1.0,136.5,1.0,135.47,1.0,137.0,1.0,135.44,1.0,137.1,1.0,135.4,3.0,137.25,1.0,135.0,1.0,138.0,1.0,133.0,1.0,138.2,1.0,129.9,1.0,138.64,1.0,129.8,1.0,140.0,1.0,52.0,1.0,140.5,1.0,48.0,3.0,,
336,Germany_Baseload#19#0#10000106,2021-10-15 06:52:58.104000,135.5,1.0,136.5,2.0,135.47,1.0,137.0,1.0,135.44,1.0,137.1,1.0,135.4,3.0,137.25,1.0,135.0,1.0,138.0,1.0,133.0,1.0,138.2,1.0,129.9,1.0,138.64,1.0,129.8,1.0,140.0,1.0,52.0,1.0,140.5,1.0,48.0,3.0,,
337,Germany_Baseload#19#0#10000106,2021-10-15 06:53:09.087000,135.5,1.0,136.5,2.0,135.47,1.0,136.6,1.0,135.44,1.0,137.0,1.0,135.4,3.0,137.25,1.0,135.0,1.0,138.0,1.0,133.0,1.0,138.2,1.0,129.9,1.0,138.64,1.0,129.8,1.0,140.0,1.0,52.0,1.0,140.5,1.0,48.0,3.0,,
338,Germany_Baseload#19#0#10000106,2021-10-15 06:53:20.743000,135.5,1.0,136.5,2.0,135.47,1.0,136.6,1.0,135.44,1.0,137.0,1.0,135.4,3.0,137.25,1.0,135.0,1.0,138.0,1.0,133.0,1.0,138.2,1.0,129.9,1.0,138.64,1.0,129.8,1.0,140.0,1.0,128.6,5.0,140.5,1.0,52.0,1.0,,
339,Germany_Baseload#19#0#10000106,2021-10-15 06:53:25.031000,135.55,1.0,136.5,2.0,135.5,1.0,136.6,1.0,135.47,1.0,137.0,1.0,135.44,1.0,137.25,1.0,135.4,3.0,138.0,1.0,135.0,1.0,138.2,1.0,133.0,1.0,138.64,1.0,129.9,1.0,140.0,1.0,129.8,1.0,140.5,1.0,128.6,5.0,,
340,Germany_Baseload#19#0#10000106,2021-10-15 06:53:29.395000,135.55,1.0,136.5,1.0,135.5,1.0,136.6,1.0,135.47,1.0,137.0,1.0,135.44,1.0,137.25,1.0,135.4,3.0,138.0,1.0,135.0,1.0,138.2,1.0,133.0,1.0,138.64,1.0,129.9,1.0,140.0,1.0,129.8,1.0,140.5,1.0,128.6,5.0,,
341,Germany_Baseload#19#0#10000106,2021-10-15 06:53:36.987000,135.55,1.0,136.25,1.0,135.5,1.0,136.5,1.0,135.47,1.0,136.6,1.0,135.44,1.0,137.0,1.0,135.4,3.0,137.25,1.0,135.0,1.0,138.0,1.0,133.0,1.0,138.2,1.0,129.9,1.0,138.64,1.0,129.8,1.0,140.0,1.0,128.6,5.0,140.5,1.0
342,Germany_Baseload#19#0#10000106,2021-10-15 06:53:38.031000,135.6,1.0,136.25,1.0,135.57,1.0,136.5,1.0,135.55,1.0,136.6,1.0,135.5,1.0,137.0,1.0,135.4,4.0,137.25,1.0,135.0,1.0,138.0,1.0,133.0,1.0,138.2,1.0,129.9,1.0,138.64,1.0,129.8,1.0,140.0,1.0,128.6,5.0,140.5,1.0
343,Germany_Baseload#19#0#10000106,2021-10-15 06:53:38.032000,135.6,1.0,136.25,1.0,135.55,1.0,136.5,1.0,135.5,1.0,136.6,1.0,135.47,1.0,137.0,1.0,135.4,3.0,137.25,1.0,135.0,1.0,138.0,1.0,133.0,1.0,138.2,1.0,129.9,1.0,138.64,1.0,129.8,1.0,140.0,1.0,128.6,5.0,140.5,1.0
344,Germany_Baseload#19#0#10000106,2021-10-15 06:53:38.033000,135.6,1.0,136.25,1.0,135.55,1.0,136.5,1.0,135.5,1.0,136.6,1.0,135.4,4.0,137.0,1.0,135.0,1.0,137.25,1.0,133.0,1.0,138.0,1.0,129.9,1.0,138.2,1.0,129.8,1.0,138.64,1.0,128.6,5.0,140.0,1.0,52.0,1.0,140.5,1.0
345,Germany_Baseload#19#0#10000106,2021-10-15 06:53:38.062000,135.6,1.0,136.25,1.0,135.57,1.0,136.5,1.0,135.55,1.0,136.6,1.0,135.54,1.0,137.0,1.0,135.5,1.0,137.25,1.0,135.4,4.0,138.0,1.0,135.0,1.0,138.2,1.0,133.0,1.0,138.64,1.0,129.9,1.0,140.0,1.0,129.8,1.0,140.5,1.0
346,Germany_Baseload#19#0#10000106,2021-10-15 06:53:38.000000,135.6,1.0,136.25,1.0,135.55,1.0,136.5,1.0,135.5,1.0,136.6,1.0,135.47,1.0,137.0,1.0,135.44,1.0,137.25,1.0,135.4,3.0,138.0,1.0,135.0,1.0,138.2,1.0,133.0,1.0,138.64,1.0,129.9,1.0,140.0,1.0,129.8,1.0,140.5,1.0
347,Germany_Baseload#19#0#10000106,2021-10-15 06:53:52.088000,135.6,1.0,136.25,1.0,135.57,1.0,136.5,1.0,135.55,1.0,136.6,1.0,135.54,1.0,137.0,1.0,135.5,1.0,137.25,1.0,135.4,3.0,138.0,1.0,135.0,1.0,138.2,1.0,133.0,1.0,138.64,1.0,129.9,1.0,140.0,1.0,129.8,1.0,140.5,1.0
348,Germany_Baseload#19#0#10000106,2021-10-15 06:53:52.798000,135.65,1.0,136.25,1.0,135.6,1.0,136.5,1.0,135.57,1.0,136.6,1.0,135.54,1.0,137.0,1.0,135.5,1.0,137.25,1.0,135.4,3.0,138.0,1.0,135.0,1.0,138.2,1.0,133.0,1.0,138.64,1.0,129.9,1.0,140.0,1.0,129.8,1.0,140.5,1.0
349,Germany_Baseload#19#0#10000106,2021-10-15 06:53:53.315000,135.65,1.0,136.25,1.0,135.6,1.0,136.35,1.0,135.57,1.0,136.5,1.0,135.54,1.0,137.0,1.0,135.5,1.0,137.25,1.0,135.4,3.0,138.0,1.0,135.0,1.0,138.2,1.0,133.0,1.0,138.64,1.0,129.9,1.0,140.0,1.0,129.8,1.0,140.5,1.0
350,Germany_Baseload#19#0#10000106,2021-10-15 06:54:11.716000,135.65,1.0,136.25,1.0,135.6,1.0,136.35,1.0,135.57,1.0,136.5,1.0,135.54,1.0,137.0,1.0,135.5,1.0,137.25,1.0,135.4,3.0,138.0,1.0,135.0,1.0,138.2,1.0,133.0,1.0,138.64,1.0,129.9,1.0,140.0,1.0,129.8,1.0,140.5,1.0
351,Germany_Baseload#19#0#10000106,2021-10-15 06:54:11.865000,135.65,1.0,136.25,1.0,135.6,1.0,136.35,1.0,135.57,1.0,136.5,1.0,135.54,1.0,137.0,1.0,135.5,1.0,137.25,1.0,135.4,3.0,138.0,1.0,135.0,1.0,138.2,1.0,133.0,1.0,138.64,1.0,129.9,1.0,140.0,1.0,129.8,1.0,140.5,1.0
352,Germany_Baseload#19#0#10000106,2021-10-15 06:54:13.415000,135.65,1.0,136.25,1.0,135.6,1.0,136.35,1.0,135.57,1.0,136.5,1.0,135.54,1.0,137.0,1.0,135.5,1.0,137.25,1.0,135.4,3.0,138.0,1.0,135.0,1.0,138.2,1.0,133.0,1.0,138.64,1.0,129.9,1.0,140.0,1.0,129.8,1.0,140.5,1.0
353,Germany_Baseload#19#0#10000106,2021-10-15 06:54:16.173000,135.65,1.0,136.25,1.0,135.6,1.0,136.35,1.0,135.57,1.0,136.5,1.0,135.54,1.0,137.0,1.0,135.5,1.0,137.25,1.0,135.4,3.0,138.0,1.0,135.0,1.0,138.2,1.0,133.0,1.0,138.64,1.0,129.9,1.0,140.0,1.0,129.8,1.0,140.5,1.0
354,Germany_Baseload#19#0#10000106,2021-10-15 06:54:16.429000,135.65,1.0,136.25,1.0,135.57,1.0,136.35,1.0,135.54,1.0,136.5,1.0,135.5,1.0,137.0,1.0,135.4,3.0,137.25,1.0,135.0,1.0,138.0,1.0,133.0,1.0,138.2,1.0,129.9,1.0,138.64,1.0,129.8,1.0,140.0,1.0,128.8,5.0,140.5,1.0
355,Germany_Baseload#19#0#10000106,2021-10-15 06:54:16.456000,135.65,1.0,136.25,1.0,135.57,1.0,136.35,1.0,135.5,1.0,136.5,1.0,135.4,3.0,137.0,1.0,135.0,1.0,137.25,1.0,133.0,1.0,138.0,1.0,129.9,1.0,138.2,1.0,129.8,1.0,138.64,1.0,128.8,5.0,140.0,1.0,52.0,1.0,140.5,1.0
356,Germany_Baseload#19#0#10000106,2021-10-15 06:54:16.458000,135.65,1.0,136.25,1.0,135.5,2.0,136.35,1.0,135.4,3.0,136.5,1.0,135.0,1.0,137.0,1.0,133.0,1.0,137.25,1.0,129.9,1.0,138.0,1.0,129.8,1.0,138.2,1.0,128.8,5.0,138.64,1.0,52.0,1.0,140.0,1.0,48.0,3.0,140.5,1.0
357,Germany_Baseload#19#0#10000106,2021-10-15 06:54:16.549000,135.65,1.0,136.25,1.0,135.5,1.0,136.35,1.0,135.4,1.0,136.5,1.0,135.0,1.0,137.0,1.0,133.0,1.0,137.25,1.0,129.9,1.0,138.0,1.0,129.8,1.0,138.2,1.0,128.8,5.0,138.64,1.0,52.0,1.0,140.0,1.0,48.0,3.0,140.5,1.0
358,Germany_Baseload#19#0#10000106,2021-10-15 06:54:22.185000,135.65,1.0,136.25,1.0,135.5,1.0,136.35,1.0,135.4,1.0,136.5,1.0,135.0,1.0,137.0,1.0,133.0,1.0,137.25,1.0,129.9,1.0,138.0,1.0,129.8,1.0,138.2,1.0,52.0,1.0,138.64,1.0,48.0,3.0,140.0,1.0,,,140.5,1.0
359,Germany_Baseload#19#0#10000106,2021-10-15 06:54:23.948000,135.65,1.0,136.25,1.0,135.5,1.0,136.35,1.0,135.4,1.0,136.5,1.0,135.0,1.0,137.0,1.0,133.0,1.0,137.25,1.0,129.9,1.0,138.0,1.0,129.8,1.0,138.2,1.0,128.8,5.0,138.64,1.0,52.0,1.0,140.0,1.0,48.0,3.0,140.5,1.0
360,Germany_Baseload#19#0#10000106,2021-10-15 06:54:24.363000,135.65,1.0,136.25,1.0,135.5,1.0,136.35,1.0,135.4,1.0,136.5,1.0,135.0,1.0,137.0,1.0,133.0,1.0,137.25,1.0,129.9,1.0,138.0,1.0,129.8,1.0,138.2,1.0,52.0,1.0,138.64,1.0,48.0,3.0,140.0,1.0,,,140.5,1.0
361,Germany_Baseload#19#0#10000106,2021-10-15 06:54:24.978000,135.65,1.0,136.25,1.0,135.5,1.0,136.35,1.0,135.4,1.0,136.5,1.0,135.0,1.0,137.0,1.0,133.0,1.0,137.25,1.0,129.9,1.0,138.0,1.0,129.8,1.0,138.2,1.0,128.8,5.0,138.64,1.0,52.0,1.0,140.0,1.0,48.0,3.0,140.5,1.0
362,Germany_Baseload#19#0#10000106,2021-10-15 06:54:27.980000,135.65,1.0,136.25,1.0,135.5,1.0,136.35,1.0,135.4,1.0,136.5,1.0,135.0,1.0,137.0,1.0,133.0,1.0,137.25,1.0,129.9,1.0,138.0,1.0,129.8,1.0,138.2,1.0,52.0,1.0,138.64,1.0,48.0,3.0,140.0,1.0,,,140.5,1.0
363,Germany_Baseload#19#0#10000106,2021-10-15 06:54:30.641000,135.65,1.0,136.25,1.0,135.5,1.0,136.35,1.0,135.4,1.0,136.5,1.0,135.0,1.0,137.0,1.0,134.0,1.0,137.25,1.0,133.0,1.0,138.0,1.0,129.9,1.0,138.2,1.0,129.8,1.0,138.64,1.0,52.0,1.0,140.0,1.0,48.0,3.0,140.5,1.0
364,Germany_Baseload#19#0#10000106,2021-10-15 06:54:40.762000,135.65,1.0,136.35,1.0,135.5,1.0,136.5,1.0,135.4,1.0,137.0,1.0,135.0,1.0,137.25,1.0,134.0,1.0,138.0,1.0,133.0,1.0,138.2,1.0,129.9,1.0,138.64,1.0,129.8,1.0,140.0,1.0,52.0,1.0,140.5,1.0,48.0,3.0,,
365,Germany_Baseload#19#0#10000106,2021-10-15 06:54:40.867000,135.65,1.0,136.5,1.0,135.5,1.0,136.6,1.0,135.4,1.0,137.0,1.0,135.0,1.0,137.25,1.0,134.0,1.0,138.0,1.0,133.0,1.0,138.2,1.0,129.9,1.0,138.64,1.0,129.8,1.0,140.0,1.0,52.0,1.0,140.5,1.0,48.0,3.0,,
366,Germany_Baseload#19#0#10000106,2021-10-15 06:54:41.487000,135.65,1.0,136.5,1.0,135.5,1.0,136.6,1.0,135.4,1.0,137.0,1.0,135.0,1.0,137.25,1.0,134.0,1.0,138.0,1.0,133.0,1.0,138.2,1.0,129.9,1.0,138.64,1.0,129.8,1.0,140.0,1.0,128.8,5.0,140.5,1.0,52.0,1.0,,
367,Germany_Baseload#19#0#10000106,2021-10-15 06:54:43.671000,135.65,1.0,136.5,1.0,135.5,1.0,136.6,1.0,135.4,1.0,137.0,1.0,135.0,1.0,137.25,1.0,134.0,1.0,138.0,1.0,133.0,1.0,138.2,1.0,129.9,1.0,138.64,1.0,129.8,1.0,140.0,1.0,52.0,1.0,140.5,1.0,48.0,3.0,,
368,Germany_Baseload#19#0#10000106,2021-10-15 06:55:34.872000,135.65,1.0,136.2,1.0,135.5,1.0,136.5,1.0,135.4,1.0,136.6,1.0,135.0,1.0,137.0,1.0,134.0,1.0,137.25,1.0,133.0,1.0,138.0,1.0,129.9,1.0,138.2,1.0,129.8,1.0,138.64,1.0,52.0,1.0,140.0,1.0,48.0,3.0,140.5,1.0
369,Germany_Baseload#19#0#10000106,2021-10-15 06:55:41.612000,135.65,1.0,136.2,1.0,135.5,1.0,136.5,1.0,135.4,1.0,136.6,1.0,135.0,1.0,137.0,1.0,134.0,1.0,137.25,1.0,133.0,1.0,138.0,1.0,129.9,1.0,138.2,1.0,129.8,1.0,138.64,1.0,52.0,1.0,140.0,1.0,48.0,3.0,140.5,1.0
370,Germany_Baseload#19#0#10000106,2021-10-15 06:55:43.812000,135.65,1.0,136.2,1.0,135.5,1.0,136.5,1.0,135.4,1.0,136.6,1.0,135.0,1.0,137.0,1.0,134.0,1.0,137.25,1.0,133.0,1.0,138.0,1.0,129.9,1.0,138.2,1.0,129.8,1.0,138.64,1.0,128.8,5.0,140.0,1.0,52.0,1.0,140.5,1.0
371,Germany_Baseload#19#0#10000106,2021-10-15 06:55:54.706000,135.65,1.0,136.2,1.0,135.5,1.0,136.5,1.0,135.4,1.0,136.6,1.0,135.0,1.0,137.0,1.0,134.0,1.0,137.25,1.0,133.0,1.0,138.0,1.0,129.9,1.0,138.2,1.0,129.8,1.0,138.64,1.0,52.0,1.0,140.0,1.0,48.0,3.0,140.5,1.0
372,Germany_Baseload#19#0#10000106,2021-10-15 06:55:54.790000,135.65,1.0,136.2,1.0,135.5,1.0,136.3,1.0,135.4,1.0,136.5,1.0,135.0,1.0,137.0,1.0,134.0,1.0,137.25,1.0,133.0,1.0,138.0,1.0,129.9,1.0,138.2,1.0,129.8,1.0,138.64,1.0,52.0,1.0,140.0,1.0,48.0,3.0,140.5,1.0
373,Germany_Baseload#19#0#10000106,2021-10-15 06:56:00.093000,135.65,1.0,136.2,1.0,135.55,1.0,136.3,1.0,135.5,1.0,136.5,1.0,135.4,3.0,137.0,1.0,135.0,1.0,137.25,1.0,134.0,1.0,138.0,1.0,133.0,1.0,138.2,1.0,129.9,1.0,138.64,1.0,129.8,1.0,140.0,1.0,52.0,1.0,140.5,1.0
374,Germany_Baseload#19#0#10000106,2021-10-15 06:56:06.224000,135.65,1.0,136.2,1.0,135.55,1.0,136.3,1.0,135.5,1.0,136.5,1.0,135.4,3.0,137.0,1.0,135.0,1.0,137.25,1.0,134.0,1.0,138.0,1.0,133.0,1.0,138.2,1.0,129.9,1.0,138.64,1.0,129.8,1.0,140.0,1.0,128.0,5.0,140.5,1.0
375,Germany_Baseload#19#0#10000106,2021-10-15 06:56:29.799000,135.65,1.0,136.2,1.0,135.55,1.0,136.3,1.0,135.5,1.0,136.5,1.0,135.4,3.0,137.0,1.0,135.0,1.0,137.25,1.0,134.0,1.0,138.0,1.0,133.0,1.0,138.2,1.0,129.9,1.0,138.64,1.0,129.8,1.0,140.0,1.0,52.0,1.0,140.5,1.0
376,Germany_Baseload#19#0#10000106,2021-10-15 06:56:40.589000,135.65,1.0,136.2,1.0,135.55,1.0,136.3,1.0,135.5,1.0,136.5,1.0,135.4,3.0,137.0,1.0,135.0,1.0,137.25,1.0,134.0,1.0,138.0,1.0,133.0,1.0,138.2,1.0,129.9,1.0,138.64,1.0,129.8,1.0,140.0,1.0,128.0,5.0,140.5,1.0
377,Germany_Baseload#19#0#10000106,2021-10-15 06:56:50.442000,135.65,1.0,136.2,1.0,135.55,1.0,136.3,1.0,135.5,1.0,136.5,1.0,135.4,3.0,137.0,1.0,135.0,1.0,137.25,1.0,134.0,1.0,138.0,1.0,133.0,1.0,138.2,1.0,129.9,1.0,138.64,1.0,129.8,1.0,140.0,1.0,52.0,1.0,140.5,1.0
378,Germany_Baseload#19#0#10000106,2021-10-15 06:56:50.867000,135.65,1.0,136.2,1.0,135.55,1.0,136.3,1.0,135.5,1.0,136.5,1.0,135.4,3.0,137.0,1.0,135.0,1.0,137.25,1.0,134.0,1.0,138.0,1.0,133.0,1.0,138.2,1.0,129.9,1.0,138.64,1.0,129.8,1.0,140.0,1.0,128.0,5.0,140.5,1.0
379,Germany_Baseload#19#0#10000106,2021-10-15 06:56:51.234000,135.65,1.0,136.2,1.0,135.55,1.0,136.3,1.0,135.5,1.0,136.5,1.0,135.4,3.0,137.0,1.0,135.0,1.0,137.25,1.0,134.0,1.0,138.0,1.0,133.0,1.0,138.2,1.0,129.9,1.0,138.64,1.0,129.8,1.0,140.0,1.0,52.0,1.0,140.5,1.0
380,Germany_Baseload#19#0#10000106,2021-10-15 06:56:51.805000,135.65,1.0,136.2,1.0,135.55,1.0,136.3,1.0,135.5,1.0,136.5,1.0,135.4,3.0,137.0,1.0,135.0,1.0,137.25,1.0,134.0,1.0,138.0,1.0,133.0,1.0,138.2,1.0,129.9,1.0,138.64,1.0,129.8,1.0,140.0,1.0,128.0,5.0,140.5,1.0
381,Germany_Baseload#19#0#10000106,2021-10-15 06:56:52.466000,135.65,1.0,136.2,1.0,135.55,1.0,136.3,1.0,135.5,1.0,136.5,1.0,135.4,3.0,137.0,1.0,135.0,1.0,137.25,1.0,134.0,1.0,138.0,1.0,133.0,1.0,138.2,1.0,129.9,1.0,138.64,1.0,129.8,1.0,140.0,1.0,52.0,1.0,140.5,1.0
382,Germany_Baseload#19#0#10000106,2021-10-15 06:56:53.807000,135.65,1.0,136.2,1.0,135.55,1.0,136.3,1.0,135.5,1.0,136.5,1.0,135.4,3.0,137.0,1.0,135.0,1.0,137.25,1.0,134.0,1.0,138.0,1.0,133.0,1.0,138.2,1.0,129.9,1.0,138.64,1.0,129.8,1.0,140.0,1.0,128.0,5.0,140.5,1.0
383,Germany_Baseload#19#0#10000106,2021-10-15 06:56:54.076000,135.65,1.0,136.2,1.0,135.55,1.0,136.3,1.0,135.5,1.0,136.5,1.0,135.4,3.0,137.0,1.0,135.0,1.0,137.25,1.0,134.0,1.0,138.0,1.0,133.0,1.0,138.2,1.0,129.9,1.0,138.64,1.0,129.8,1.0,140.0,1.0,52.0,1.0,140.5,1.0
384,Germany_Baseload#19#0#10000106,2021-10-15 06:56:54.628000,135.65,1.0,136.2,1.0,135.55,1.0,136.3,1.0,135.5,1.0,136.5,1.0,135.4,3.0,137.0,1.0,135.0,1.0,137.25,1.0,134.0,1.0,138.0,1.0,133.0,1.0,138.2,1.0,129.9,1.0,138.64,1.0,129.8,1.0,140.0,1.0,128.0,5.0,140.5,1.0
385,Germany_Baseload#19#0#10000106,2021-10-15 06:57:04.645000,135.7,1.0,136.2,1.0,135.65,1.0,136.3,1.0,135.55,1.0,136.5,1.0,135.5,1.0,137.0,1.0,135.4,3.0,137.25,1.0,135.0,1.0,138.0,1.0,134.0,1.0,138.2,1.0,133.0,1.0,138.64,1.0,129.9,1.0,140.0,1.0,129.8,1.0,140.5,1.0
386,Germany_Baseload#19#0#10000106,2021-10-15 06:57:06.120000,135.7,1.0,136.2,1.0,135.65,1.0,136.3,1.0,135.55,1.0,136.5,1.0,135.5,1.0,137.0,1.0,135.4,3.0,137.25,1.0,135.0,1.0,138.0,1.0,134.0,1.0,138.2,1.0,133.0,1.0,138.64,1.0,129.9,1.0,140.0,1.0,129.8,1.0,140.5,1.0
387,Germany_Baseload#19#0#10000106,2021-10-15 06:57:06.266000,135.7,1.0,136.2,1.0,135.65,1.0,136.3,1.0,135.55,1.0,136.5,1.0,135.5,1.0,137.0,1.0,135.4,3.0,137.25,1.0,135.0,1.0,138.0,1.0,134.0,1.0,138.2,1.0,133.0,1.0,138.64,1.0,129.9,1.0,140.0,1.0,129.8,1.0,140.5,1.0
388,Germany_Baseload#19#0#10000106,2021-10-15 06:57:06.884000,135.75,5.0,136.2,1.0,135.7,1.0,136.3,1.0,135.65,1.0,136.5,1.0,135.55,1.0,137.0,1.0,135.5,1.0,137.25,1.0,135.4,3.0,138.0,1.0,135.0,1.0,138.2,1.0,134.0,1.0,138.64,1.0,133.0,1.0,140.0,1.0,129.9,1.0,140.5,1.0
389,Germany_Baseload#19#0#10000106,2021-10-15 06:57:07.497000,135.75,5.0,136.2,1.0,135.7,1.0,136.3,1.0,135.65,1.0,136.5,1.0,135.55,1.0,137.0,1.0,135.5,1.0,137.25,1.0,135.4,3.0,138.0,1.0,135.0,1.0,138.2,1.0,134.0,1.0,138.64,1.0,133.0,1.0,140.0,1.0,129.9,1.0,140.5,1.0
390,Germany_Baseload#19#0#10000106,2021-10-15 06:57:08.931000,135.75,5.0,136.2,1.0,135.7,1.0,136.3,1.0,135.65,1.0,136.5,1.0,135.55,1.0,137.0,1.0,135.5,1.0,137.25,1.0,135.4,3.0,138.0,1.0,135.0,1.0,138.2,1.0,134.0,1.0,138.64,1.0,133.0,1.0,140.0,1.0,129.9,1.0,140.5,1.0
391,Germany_Baseload#19#0#10000106,2021-10-15 06:57:09.285000,135.75,5.0,136.2,1.0,135.7,1.0,136.3,1.0,135.65,1.0,136.5,1.0,135.55,1.0,137.0,1.0,135.5,1.0,137.25,1.0,135.4,3.0,138.0,1.0,135.0,1.0,138.2,1.0,134.0,1.0,138.64,1.0,133.0,1.0,140.0,1.0,129.9,1.0,140.5,1.0
392,Germany_Baseload#19#0#10000106,2021-10-15 06:57:09.899000,135.75,1.0,136.2,1.0,135.7,1.0,136.3,1.0,135.65,1.0,136.5,1.0,135.55,1.0,137.0,1.0,135.5,1.0,137.25,1.0,135.4,3.0,138.0,1.0,135.0,1.0,138.2,1.0,134.0,1.0,138.64,1.0,133.0,1.0,140.0,1.0,129.9,1.0,140.5,1.0
393,Germany_Baseload#19#0#10000106,2021-10-15 06:57:14.777000,135.75,6.0,136.2,1.0,135.7,1.0,136.3,1.0,135.65,1.0,136.5,1.0,135.55,1.0,137.0,1.0,135.5,1.0,137.25,1.0,135.4,3.0,138.0,1.0,135.0,1.0,138.2,1.0,134.0,1.0,138.64,1.0,133.0,1.0,140.0,1.0,129.9,1.0,140.5,1.0
394,Germany_Baseload#19#0#10000106,2021-10-15 06:57:18.177000,135.75,6.0,136.2,1.0,135.7,1.0,136.3,1.0,135.65,2.0,136.5,1.0,135.55,1.0,137.0,1.0,135.5,1.0,137.25,1.0,135.4,3.0,138.0,1.0,135.0,1.0,138.2,1.0,134.0,2.0,138.64,1.0,129.9,1.0,140.0,1.0,129.8,1.0,140.5,1.0
395,Germany_Baseload#19#0#10000106,2021-10-15 06:57:18.376000,135.75,6.0,136.2,1.0,135.7,1.0,136.3,1.0,135.65,1.0,136.5,1.0,135.55,1.0,137.0,1.0,135.5,1.0,137.25,1.0,135.4,3.0,138.0,1.0,135.0,1.0,138.2,1.0,134.0,1.0,138.64,1.0,133.0,1.0,140.0,1.0,129.9,1.0,140.5,1.0
396,Germany_Baseload#19#0#10000106,2021-10-15 06:57:19.623000,135.75,6.0,136.2,1.0,135.7,1.0,136.3,1.0,135.65,2.0,136.5,1.0,135.55,1.0,137.0,1.0,135.5,1.0,137.25,1.0,135.4,3.0,138.0,1.0,135.0,1.0,138.2,1.0,134.0,2.0,138.64,1.0,129.9,1.0,140.0,1.0,129.8,1.0,140.5,1.0
397,Germany_Baseload#19#0#10000106,2021-10-15 06:57:19.772000,135.75,6.0,136.2,1.0,135.7,1.0,136.3,1.0,135.65,2.0,136.5,1.0,135.55,1.0,137.0,1.0,135.5,1.0,137.25,1.0,135.4,3.0,138.0,1.0,135.0,1.0,138.2,1.0,134.0,2.0,138.64,1.0,129.9,1.0,140.0,1.0,129.8,1.0,140.5,1.0
398,Germany_Baseload#19#0#10000106,2021-10-15 06:57:20.389000,135.75,6.0,136.2,1.0,135.7,1.0,136.3,1.0,135.65,2.0,136.5,1.0,135.55,1.0,137.0,1.0,135.5,1.0,137.25,1.0,135.4,3.0,138.0,1.0,135.0,1.0,138.2,1.0,134.0,2.0,138.64,1.0,129.9,1.0,140.0,1.0,129.8,1.0,140.5,1.0
399,Germany_Baseload#19#0#10000106,2021-10-15 06:57:22.050000,135.75,6.0,136.2,1.0,135.7,1.0,136.3,1.0,135.65,2.0,136.5,1.0,135.55,1.0,137.0,1.0,135.5,1.0,137.25,1.0,135.4,3.0,138.0,1.0,135.0,1.0,138.2,1.0,134.0,2.0,138.64,1.0,129.9,1.0,140.0,1.0,129.8,1.0,140.5,1.0
400,Germany_Baseload#19#0#10000106,2021-10-15 06:57:22.222000,135.75,6.0,136.2,1.0,135.7,1.0,136.3,1.0,135.65,2.0,136.5,1.0,135.55,1.0,137.0,1.0,135.5,1.0,137.25,1.0,135.4,3.0,138.0,1.0,135.0,1.0,138.2,1.0,134.0,2.0,138.64,1.0,129.9,1.0,140.0,1.0,129.8,1.0,140.5,1.0
401,Germany_Baseload#19#0#10000106,2021-10-15 06:57:22.386000,135.75,6.0,136.2,1.0,135.7,1.0,136.3,1.0,135.65,2.0,136.5,1.0,135.55,1.0,137.0,1.0,135.5,1.0,137.25,1.0,135.4,3.0,138.0,1.0,135.0,1.0,138.2,1.0,134.0,2.0,138.64,1.0,129.9,1.0,140.0,1.0,129.8,1.0,140.5,1.0
402,Germany_Baseload#19#0#10000106,2021-10-15 06:57:23.092000,135.75,6.0,136.2,1.0,135.7,1.0,136.3,1.0,135.65,1.0,136.5,1.0,135.5,1.0,137.0,1.0,135.4,3.0,137.25,1.0,135.0,1.0,138.0,1.0,134.0,2.0,138.2,1.0,129.9,1.0,138.64,1.0,129.8,1.0,140.0,1.0,128.4,5.0,140.5,1.0
403,Germany_Baseload#19#0#10000106,2021-10-15 06:57:25.065000,135.75,6.0,136.2,1.0,135.7,1.0,136.3,1.0,135.65,1.0,136.5,1.0,135.5,1.0,137.0,1.0,135.4,3.0,137.25,1.0,135.0,1.0,138.0,1.0,134.0,2.0,138.2,1.0,129.9,1.0,138.64,1.0,129.8,1.0,140.0,1.0,52.0,1.0,140.5,1.0
404,Germany_Baseload#19#0#10000106,2021-10-15 06:57:33.830000,135.75,6.0,136.3,1.0,135.7,1.0,136.5,1.0,135.65,1.0,137.0,1.0,135.5,1.0,137.25,1.0,135.4,3.0,138.0,1.0,135.0,1.0,138.2,1.0,134.0,2.0,138.64,1.0,129.9,1.0,140.0,1.0,129.8,1.0,140.5,1.0,52.0,1.0,,
405,Germany_Baseload#19#0#10000106,2021-10-15 06:57:33.932000,135.75,6.0,136.5,1.0,135.7,1.0,136.6,1.0,135.65,1.0,137.0,1.0,135.5,1.0,137.25,1.0,135.4,3.0,138.0,1.0,135.0,1.0,138.2,1.0,134.0,2.0,138.64,1.0,129.9,1.0,140.0,1.0,129.8,1.0,140.5,1.0,52.0,1.0,,
406,Germany_Baseload#19#0#10000106,2021-10-15 06:57:38.961000,135.75,6.0,136.5,1.0,135.7,1.0,136.6,1.0,135.65,1.0,137.0,1.0,135.5,1.0,137.25,1.0,135.4,3.0,138.0,1.0,135.0,1.0,138.2,1.0,134.0,2.0,138.64,1.0,129.9,1.0,140.0,1.0,129.8,1.0,140.5,1.0,52.0,1.0,,
407,Germany_Baseload#19#0#10000106,2021-10-15 06:57:53.565000,135.75,6.0,136.5,1.0,135.7,1.0,136.6,1.0,135.65,1.0,137.0,1.0,135.5,1.0,137.25,1.0,135.4,3.0,138.0,1.0,135.0,1.0,138.2,1.0,134.0,2.0,138.64,1.0,129.9,1.0,140.0,1.0,129.8,1.0,140.5,1.0,128.4,5.0,,
408,Germany_Baseload#19#0#10000106,2021-10-15 06:57:57.387000,135.75,6.0,136.5,1.0,135.7,1.0,136.6,1.0,135.65,1.0,137.0,1.0,135.5,1.0,137.25,1.0,135.4,3.0,138.0,1.0,135.0,1.0,138.2,1.0,134.0,2.0,138.64,1.0,129.9,1.0,140.0,1.0,129.8,1.0,140.5,1.0,52.0,1.0,,
409,Germany_Baseload#19#0#10000106,2021-10-15 06:57:57.985000,135.75,6.0,136.5,1.0,135.7,1.0,136.6,1.0,135.65,1.0,137.0,1.0,135.5,1.0,137.25,1.0,135.4,3.0,138.0,1.0,135.0,1.0,138.2,1.0,134.0,2.0,138.64,1.0,129.9,1.0,140.0,1.0,129.8,1.0,140.5,1.0,128.4,5.0,,
410,Germany_Baseload#19#0#10000106,2021-10-15 06:59:02.109000,136.0,1.0,136.5,1.0,135.75,6.0,136.6,1.0,135.7,1.0,137.0,1.0,135.65,1.0,137.25,1.0,135.5,1.0,138.0,1.0,135.4,3.0,138.2,1.0,135.0,1.0,138.64,1.0,134.0,2.0,140.0,1.0,129.9,1.0,140.5,1.0,129.8,1.0,,
411,Germany_Baseload#19#0#10000106,2021-10-15 06:59:21.400000,136.0,1.0,136.6,1.0,135.75,6.0,137.0,1.0,135.7,1.0,137.25,1.0,135.65,1.0,138.0,1.0,135.5,1.0,138.2,1.0,135.4,3.0,138.64,1.0,135.0,1.0,140.0,1.0,134.0,2.0,140.5,1.0,129.9,1.0,,,129.8,1.0,,
412,Germany_Baseload#19#0#10000106,2021-10-15 06:59:21.505000,136.0,1.0,137.0,1.0,135.75,6.0,137.1,1.0,135.7,1.0,137.25,1.0,135.65,1.0,138.0,1.0,135.5,1.0,138.2,1.0,135.4,3.0,138.64,1.0,135.0,1.0,140.0,1.0,134.0,2.0,140.5,1.0,129.9,1.0,,,129.8,1.0,,
413,Germany_Baseload#19#0#10000106,2021-10-15 06:59:28.005000,136.0,1.0,137.0,1.0,135.75,6.0,137.1,1.0,135.7,1.0,137.25,1.0,135.65,1.0,138.0,1.0,135.5,1.0,138.2,1.0,135.4,3.0,138.64,1.0,135.0,1.0,140.0,1.0,134.0,2.0,140.5,1.0,129.9,1.0,,,129.8,1.0,,
414,Germany_Baseload#19#0#10000106,2021-10-15 06:59:28.153000,136.0,1.0,137.0,1.0,135.75,6.0,137.1,1.0,135.7,1.0,137.25,1.0,135.65,1.0,138.0,1.0,135.5,1.0,138.2,1.0,135.4,3.0,138.64,1.0,135.0,1.0,140.0,1.0,134.0,2.0,140.5,1.0,129.9,1.0,,,129.8,1.0,,
415,Germany_Baseload#19#0#10000106,2021-10-15 06:59:33.709000,136.0,1.0,136.75,1.0,135.75,6.0,137.0,1.0,135.7,1.0,137.1,1.0,135.65,1.0,137.25,1.0,135.5,1.0,138.0,1.0,135.4,3.0,138.2,1.0,135.0,1.0,138.64,1.0,134.0,2.0,140.0,1.0,129.9,1.0,140.5,1.0,129.8,1.0,,
416,Germany_Baseload#19#0#10000106,2021-10-15 06:59:34.373000,136.0,1.0,136.75,1.0,135.75,6.0,137.0,1.0,135.7,1.0,137.1,1.0,135.65,1.0,137.25,1.0,135.5,1.0,138.0,1.0,135.4,3.0,138.2,1.0,135.0,1.0,138.64,1.0,134.0,2.0,140.0,1.0,129.9,1.0,140.5,1.0,129.8,1.0,,
417,Germany_Baseload#19#0#10000106,2021-10-15 06:59:34.794000,136.0,1.0,136.75,1.0,135.75,6.0,137.0,1.0,135.7,1.0,137.1,1.0,135.65,1.0,137.25,1.0,135.5,1.0,138.0,1.0,135.4,3.0,138.2,1.0,135.0,1.0,138.64,1.0,134.0,2.0,140.0,1.0,129.9,1.0,140.5,1.0,129.8,1.0,,
418,Germany_Baseload#19#0#10000106,2021-10-15 06:59:37.634000,136.0,1.0,136.75,1.0,135.75,6.0,137.0,1.0,135.7,1.0,137.1,1.0,135.65,1.0,137.25,1.0,135.5,1.0,138.0,1.0,135.4,3.0,138.2,1.0,135.0,1.0,138.64,1.0,134.0,2.0,140.0,1.0,129.9,1.0,140.5,1.0,129.8,1.0,,
419,Germany_Baseload#19#0#10000106,2021-10-15 06:59:42.610000,136.0,1.0,136.75,1.0,135.75,6.0,137.0,1.0,135.7,1.0,137.1,1.0,135.65,1.0,137.25,1.0,135.5,1.0,138.0,1.0,135.4,3.0,138.2,1.0,135.0,1.0,138.64,1.0,134.0,2.0,140.0,1.0,129.9,1.0,140.5,1.0,129.8,1.0,,
420,Germany_Baseload#19#0#10000106,2021-10-15 06:59:43.970000,136.0,1.0,136.75,1.0,135.75,6.0,137.1,1.0,135.7,1.0,137.25,1.0,135.65,1.0,138.0,1.0,135.5,1.0,138.2,1.0,135.4,3.0,138.64,1.0,135.0,1.0,140.0,1.0,134.0,2.0,140.5,1.0,129.9,1.0,,,129.8,1.0,,
421,Germany_Baseload#19#0#10000106,2021-10-15 06:59:46.298000,136.0,1.0,136.75,1.0,135.75,5.0,137.1,1.0,135.7,1.0,137.25,1.0,135.65,1.0,138.0,1.0,135.5,1.0,138.2,1.0,135.4,3.0,138.64,1.0,135.0,1.0,140.0,1.0,134.0,2.0,140.5,1.0,129.9,1.0,,,129.8,1.0,,
422,Germany_Baseload#19#0#10000106,2021-10-15 06:59:46.727000,136.0,1.0,136.75,1.0,135.75,5.0,137.1,1.0,135.7,1.0,137.25,1.0,135.65,1.0,138.0,1.0,135.5,1.0,138.2,1.0,135.4,1.0,138.64,1.0,135.0,1.0,140.0,1.0,134.0,2.0,140.5,1.0,129.9,1.0,,,129.8,1.0,,
423,Germany_Baseload#19#0#10000106,2021-10-15 06:59:48.333000,136.0,1.0,136.75,1.0,135.75,5.0,136.85,1.0,135.7,1.0,137.25,1.0,135.65,1.0,138.0,1.0,135.5,1.0,138.2,1.0,135.4,1.0,138.64,1.0,135.0,1.0,140.0,1.0,134.0,2.0,140.5,1.0,129.9,1.0,,,129.8,1.0,,
