,key,Datetime,BidPrice_0,BidVolume_0,AskPrice_0,AskVolume_0,BidPrice_1,BidVolume_1,AskPrice_1,AskVolume_1,BidPrice_2,BidVolume_2,AskPrice_2,AskVolume_2,BidPrice_3,BidVolume_3,AskPrice_3,AskVolume_3,BidPrice_4,BidVolume_4,AskPrice_4,AskVolume_4,BidPrice_5,BidVolume_5,AskPrice_5,AskVolume_5,BidPrice_6,BidVolume_6,AskPrice_6,AskVolume_6,BidPrice_7,BidVolume_7,AskPrice_7,AskVolume_7,BidPrice_8,BidVolume_8,AskPrice_8,AskVolume_8,BidPrice_9,BidVolume_9,AskPrice_9,AskVolume_9
0,Germany_Baseload#19#0#10000106,2021-10-26 05:59:58.671000,121.0,1.0,,,,,,,,,,,,,,,,,,,,,,,,,,,,,,,,,,,,,,
1,Germany_Baseload#19#0#10000106,2021-10-26 06:00:10.929000,121.0,1.0,,,120.5,1.0,,,,,,,,,,,,,,,,,,,,,,,,,,,,,,,,,,
2,Germany_Baseload#19#0#10000106,2021-10-26 06:00:10.930000,121.0,1.0,125.2,10.0,120.5,1.0,126.5,1.0,52.0,1.0,126.9,5.0,48.0,3.0,,,,,,,,,,,,,,,,,,,,,,,,,,
3,Germany_Baseload#19#0#10000106,2021-10-26 06:03:04.731000,121.0,1.0,125.0,1.0,120.5,1.0,125.2,10.0,52.0,1.0,126.5,1.0,48.0,3.0,126.9,5.0,,,,,,,,,,,,,,,,,,,,,,,,
4,Germany_Baseload#19#0#10000106,2021-10-26 06:14:26.987000,121.0,1.0,125.0,1.0,120.5,1.0,125.2,10.0,52.0,1.0,126.5,1.0,48.0,3.0,126.9,5.0,,,,,,,,,,,,,,,,,,,,,,,,
5,Germany_Baseload#19#0#10000106,2021-10-26 06:17:41.127000,121.0,1.0,125.0,1.0,120.5,1.0,125.2,10.0,52.0,1.0,126.9,5.0,48.0,3.0,,,,,,,,,,,,,,,,,,,,,,,,,,
6,Germany_Baseload#19#0#10000106,2021-10-26 06:17:41.165000,121.0,1.0,125.0,2.0,120.5,1.0,125.2,10.0,52.0,1.0,126.9,5.0,48.0,3.0,,,,,,,,,,,,,,,,,,,,,,,,,,
7,Germany_Baseload#19#0#10000106,2021-10-26 06:20:04.783000,121.0,2.0,125.0,2.0,120.5,1.0,125.2,10.0,52.0,1.0,126.9,5.0,48.0,3.0,,,,,,,,,,,,,,,,,,,,,,,,,,
8,Germany_Baseload#19#0#10000106,2021-10-26 06:20:17.143000,121.0,2.0,125.0,3.0,120.5,1.0,125.2,10.0,52.0,1.0,126.9,5.0,48.0,3.0,,,,,,,,,,,,,,,,,,,,,,,,,,
9,Germany_Baseload#19#0#10000106,2021-10-26 06:20:22.600000,121.0,2.0,125.0,8.0,120.5,1.0,125.2,10.0,52.0,1.0,126.9,5.0,48.0,3.0,,,,,,,,,,,,,,,,,,,,,,,,,,
10,Germany_Baseload#19#0#10000106,2021-10-26 06:22:05.247000,121.0,2.0,125.0,8.0,120.5,1.0,125.2,10.0,52.0,1.0,126.9,5.0,48.0,3.0,130.0,1.0,,,,,,,,,,,,,,,,,,,,,,,,
11,Germany_Baseload#19#0#10000106,2021-10-26 06:25:50.718000,121.0,2.0,125.0,8.0,52.0,1.0,125.2,10.0,48.0,3.0,126.9,5.0,,,130.0,1.0,,,,,,,,,,,,,,,,,,,,,,,,
12,Germany_Baseload#19#0#10000106,2021-10-26 06:26:03.492000,121.0,2.0,125.0,8.0,120.0,5.0,125.2,10.0,52.0,1.0,126.9,5.0,48.0,3.0,130.0,1.0,,,,,,,,,,,,,,,,,,,,,,,,
13,Germany_Baseload#19#0#10000106,2021-10-26 06:26:22.503000,121.0,5.0,125.0,8.0,52.0,1.0,125.2,10.0,48.0,3.0,126.9,5.0,,,130.0,1.0,,,,,,,,,,,,,,,,,,,,,,,,
14,Germany_Baseload#19#0#10000106,2021-10-26 06:32:03.062000,121.5,1.0,125.0,8.0,121.0,5.0,125.2,10.0,52.0,1.0,126.9,5.0,48.0,3.0,130.0,1.0,,,,,,,,,,,,,,,,,,,,,,,,
15,Germany_Baseload#19#0#10000106,2021-10-26 06:32:48.651000,121.5,1.0,125.0,8.0,121.0,5.0,125.2,10.0,115.8,5.0,126.9,5.0,52.0,1.0,130.0,1.0,48.0,3.0,,,,,,,,,,,,,,,,,,,,,,
16,Germany_Baseload#19#0#10000106,2021-10-26 06:32:53.041000,121.5,1.0,125.0,8.0,121.0,5.0,125.2,10.0,115.8,5.0,126.9,5.0,52.0,1.0,130.0,1.0,48.0,3.0,134.4,5.0,,,,,,,,,,,,,,,,,,,,
17,Germany_Baseload#19#0#10000106,2021-10-26 06:32:53.991000,121.5,1.0,124.7,1.0,121.0,5.0,125.0,8.0,115.8,5.0,125.2,10.0,52.0,1.0,126.9,5.0,48.0,3.0,130.0,1.0,,,134.4,5.0,,,,,,,,,,,,,,,,
18,Germany_Baseload#19#0#10000106,2021-10-26 06:33:28.543000,121.5,1.0,124.7,1.0,121.0,5.0,125.0,8.0,52.0,1.0,125.2,10.0,48.0,3.0,126.9,5.0,,,130.0,1.0,,,,,,,,,,,,,,,,,,,,
19,Germany_Baseload#19#0#10000106,2021-10-26 06:33:28.544000,121.5,1.0,124.7,1.0,121.0,5.0,125.0,8.0,115.8,5.0,125.2,10.0,52.0,1.0,126.9,5.0,48.0,3.0,130.0,1.0,,,,,,,,,,,,,,,,,,,,
20,Germany_Baseload#19#0#10000106,2021-10-26 06:33:28.730000,121.5,1.0,124.7,1.0,121.0,5.0,125.0,8.0,115.8,5.0,125.2,10.0,52.0,1.0,126.9,5.0,48.0,3.0,130.0,1.0,,,,,,,,,,,,,,,,,,,,
21,Germany_Baseload#19#0#10000106,2021-10-26 06:33:37.138000,121.5,1.0,124.7,1.0,121.0,5.0,125.0,8.0,115.8,5.0,125.2,10.0,52.0,1.0,126.9,5.0,48.0,3.0,130.0,1.0,,,134.4,5.0,,,,,,,,,,,,,,,,
22,Germany_Baseload#19#0#10000106,2021-10-26 06:33:46.620000,121.5,1.0,124.7,1.0,121.0,5.0,125.0,8.0,115.8,5.0,125.2,10.0,52.0,1.0,126.9,5.0,48.0,3.0,130.0,1.0,,,,,,,,,,,,,,,,,,,,
23,Germany_Baseload#19#0#10000106,2021-10-26 06:33:59.196000,121.5,1.0,124.7,1.0,121.0,5.0,125.0,3.0,115.8,5.0,125.2,10.0,52.0,1.0,126.9,5.0,48.0,3.0,130.0,1.0,,,,,,,,,,,,,,,,,,,,
24,Germany_Baseload#19#0#10000106,2021-10-26 06:34:22.195000,121.5,1.0,124.7,1.0,121.0,5.0,125.0,3.0,115.8,5.0,125.2,10.0,52.0,1.0,126.9,5.0,48.0,3.0,130.0,1.0,,,134.4,5.0,,,,,,,,,,,,,,,,
25,Germany_Baseload#19#0#10000106,2021-10-26 06:34:29.258000,121.5,1.0,124.7,1.0,121.0,5.0,125.0,3.0,116.0,5.0,125.2,10.0,52.0,1.0,126.9,5.0,48.0,3.0,130.0,1.0,,,134.4,5.0,,,,,,,,,,,,,,,,
26,Germany_Baseload#19#0#10000106,2021-10-26 06:34:36.726000,121.5,1.0,124.7,1.0,121.0,5.0,125.0,3.0,115.8,5.0,125.2,10.0,52.0,1.0,126.9,5.0,48.0,3.0,130.0,1.0,,,134.4,5.0,,,,,,,,,,,,,,,,
27,Germany_Baseload#19#0#10000106,2021-10-26 06:34:44.305000,121.5,1.0,124.7,1.0,121.0,5.0,125.0,3.0,116.0,5.0,125.2,10.0,52.0,1.0,126.9,5.0,48.0,3.0,130.0,1.0,,,134.4,5.0,,,,,,,,,,,,,,,,
28,Germany_Baseload#19#0#10000106,2021-10-26 06:34:48.331000,121.5,1.0,124.7,1.0,121.0,5.0,125.0,3.0,115.8,5.0,125.2,10.0,52.0,1.0,126.9,5.0,48.0,3.0,130.0,1.0,,,134.4,5.0,,,,,,,,,,,,,,,,
29,Germany_Baseload#19#0#10000106,2021-10-26 06:35:00.415000,121.5,1.0,124.7,1.0,121.0,5.0,125.0,3.0,116.0,5.0,125.2,10.0,52.0,1.0,126.9,5.0,48.0,3.0,130.0,1.0,,,134.4,5.0,,,,,,,,,,,,,,,,
30,Germany_Baseload#19#0#10000106,2021-10-26 06:35:04.442000,121.5,1.0,124.7,1.0,121.0,5.0,125.0,3.0,115.8,5.0,125.2,10.0,52.0,1.0,126.9,5.0,48.0,3.0,130.0,1.0,,,134.4,5.0,,,,,,,,,,,,,,,,
31,Germany_Baseload#19#0#10000106,2021-10-26 06:35:05.032000,121.5,1.0,124.7,1.0,121.0,5.0,125.0,3.0,115.8,5.0,125.2,10.0,52.0,1.0,126.9,5.0,48.0,3.0,130.0,1.0,,,130.6,5.0,,,,,,,,,,,,,,,,
32,Germany_Baseload#19#0#10000106,2021-10-26 06:35:07.637000,121.5,1.0,124.7,1.0,121.0,5.0,125.0,3.0,115.8,5.0,125.2,10.0,52.0,1.0,126.9,5.0,48.0,3.0,130.0,1.0,,,134.4,5.0,,,,,,,,,,,,,,,,
33,Germany_Baseload#19#0#10000106,2021-10-26 06:35:19.297000,121.5,1.0,124.7,1.0,121.0,5.0,125.0,3.0,116.0,5.0,125.2,10.0,52.0,1.0,126.9,5.0,48.0,3.0,130.0,1.0,,,134.4,5.0,,,,,,,,,,,,,,,,
34,Germany_Baseload#19#0#10000106,2021-10-26 06:35:23.316000,121.5,1.0,124.7,1.0,121.0,5.0,125.0,3.0,115.8,5.0,125.2,10.0,52.0,1.0,126.9,5.0,48.0,3.0,130.0,1.0,,,134.4,5.0,,,,,,,,,,,,,,,,
35,Germany_Baseload#19#0#10000106,2021-10-26 06:35:31.355000,121.5,1.0,124.7,1.0,121.0,5.0,125.0,3.0,115.8,5.0,125.2,10.0,52.0,1.0,126.9,5.0,48.0,3.0,130.0,1.0,,,130.6,5.0,,,,,,,,,,,,,,,,
36,Germany_Baseload#19#0#10000106,2021-10-26 06:35:31.372000,121.5,1.0,124.7,1.0,121.0,5.0,125.0,3.0,52.0,1.0,125.2,10.0,48.0,3.0,126.9,5.0,,,130.0,1.0,,,130.6,5.0,,,,,,,,,,,,,,,,
37,Germany_Baseload#19#0#10000106,2021-10-26 06:35:48.247000,121.5,1.0,124.7,1.0,121.0,5.0,125.0,3.0,52.0,1.0,125.2,10.0,48.0,3.0,126.9,5.0,,,130.0,1.0,,,,,,,,,,,,,,,,,,,,
38,Germany_Baseload#19#0#10000106,2021-10-26 06:35:48.281000,121.5,1.0,124.7,1.0,121.0,5.0,125.0,3.0,116.0,5.0,125.2,10.0,52.0,1.0,126.9,5.0,48.0,3.0,130.0,1.0,,,,,,,,,,,,,,,,,,,,
39,Germany_Baseload#19#0#10000106,2021-10-26 06:35:48.651000,121.5,1.0,124.7,1.0,121.0,5.0,125.0,3.0,116.0,5.0,125.2,10.0,52.0,1.0,126.9,5.0,48.0,3.0,130.0,1.0,,,134.4,5.0,,,,,,,,,,,,,,,,
40,Germany_Baseload#19#0#10000106,2021-10-26 06:35:50.640000,121.5,1.0,124.7,1.0,121.0,5.0,125.0,3.0,116.0,5.0,125.2,10.0,52.0,1.0,126.9,5.0,48.0,3.0,130.0,1.0,,,,,,,,,,,,,,,,,,,,
41,Germany_Baseload#19#0#10000106,2021-10-26 06:35:52.308000,121.5,1.0,124.7,1.0,121.0,5.0,125.0,3.0,115.8,5.0,125.2,10.0,52.0,1.0,126.9,5.0,48.0,3.0,130.0,1.0,,,,,,,,,,,,,,,,,,,,
42,Germany_Baseload#19#0#10000106,2021-10-26 06:35:57.137000,121.5,1.0,124.7,1.0,121.0,5.0,125.0,3.0,115.8,5.0,125.2,10.0,52.0,1.0,126.9,5.0,48.0,3.0,130.0,1.0,,,134.4,5.0,,,,,,,,,,,,,,,,
43,Germany_Baseload#19#0#10000106,2021-10-26 06:35:58.509000,121.5,1.0,124.7,1.0,121.0,5.0,125.0,3.0,115.8,5.0,125.2,10.0,52.0,1.0,126.9,5.0,48.0,3.0,130.0,1.0,,,,,,,,,,,,,,,,,,,,
44,Germany_Baseload#19#0#10000106,2021-10-26 06:35:58.703000,121.5,1.0,124.7,1.0,121.0,5.0,125.0,3.0,115.8,5.0,125.2,10.0,52.0,1.0,126.9,5.0,48.0,3.0,130.0,1.0,,,130.6,5.0,,,,,,,,,,,,,,,,
45,Germany_Baseload#19#0#10000106,2021-10-26 06:36:05.543000,121.5,1.0,124.7,1.0,121.0,5.0,125.0,3.0,115.8,5.0,125.2,10.0,52.0,1.0,126.9,5.0,48.0,3.0,130.0,1.0,,,134.4,5.0,,,,,,,,,,,,,,,,
46,Germany_Baseload#19#0#10000106,2021-10-26 06:37:48.683000,121.5,1.0,124.7,1.0,121.0,5.0,125.0,3.0,116.2,5.0,125.2,10.0,52.0,1.0,126.9,5.0,48.0,3.0,130.0,1.0,,,134.6,5.0,,,,,,,,,,,,,,,,
47,Germany_Baseload#19#0#10000106,2021-10-26 06:37:48.692000,121.5,1.0,124.7,1.0,121.0,5.0,125.0,3.0,116.2,5.0,125.2,10.0,115.8,5.0,126.9,5.0,52.0,1.0,130.0,1.0,48.0,3.0,134.4,5.0,,,,,,,,,,,,,,,,
48,Germany_Baseload#19#0#10000106,2021-10-26 06:37:48.693000,121.5,1.0,124.7,1.0,121.0,5.0,125.0,3.0,116.2,5.0,125.2,10.0,52.0,1.0,126.9,5.0,48.0,3.0,130.0,1.0,,,134.4,5.0,,,,,,,,,,,,,,,,
49,Germany_Baseload#19#0#10000106,2021-10-26 06:38:19.398000,121.5,1.0,124.7,1.0,121.0,5.0,125.0,3.0,116.2,5.0,125.2,10.0,52.0,1.0,126.9,5.0,48.0,3.0,130.0,1.0,,,,,,,,,,,,,,,,,,,,
50,Germany_Baseload#19#0#10000106,2021-10-26 06:38:29.848000,121.5,1.0,124.7,1.0,121.0,5.0,125.0,3.0,116.2,5.0,125.2,10.0,52.0,1.0,126.9,5.0,48.0,3.0,130.0,1.0,,,134.4,5.0,,,,,,,,,,,,,,,,
51,Germany_Baseload#19#0#10000106,2021-10-26 06:38:39.920000,121.5,1.0,124.7,1.0,121.0,5.0,125.0,3.0,115.8,5.0,125.2,10.0,52.0,1.0,126.9,5.0,48.0,3.0,130.0,1.0,,,134.4,5.0,,,,,,,,,,,,,,,,
52,Germany_Baseload#19#0#10000106,2021-10-26 06:38:39.945000,121.5,1.0,124.7,1.0,121.0,5.0,125.0,3.0,115.8,5.0,125.2,10.0,52.0,1.0,126.9,5.0,48.0,3.0,130.0,1.0,,,,,,,,,,,,,,,,,,,,
53,Germany_Baseload#19#0#10000106,2021-10-26 06:38:42.164000,121.5,1.0,124.7,1.0,121.0,5.0,125.0,3.0,116.2,5.0,125.2,10.0,52.0,1.0,126.9,5.0,48.0,3.0,130.0,1.0,,,,,,,,,,,,,,,,,,,,
54,Germany_Baseload#19#0#10000106,2021-10-26 06:38:43.349000,121.5,1.0,124.7,1.0,121.0,5.0,125.0,3.0,115.8,5.0,125.2,10.0,52.0,1.0,126.9,5.0,48.0,3.0,130.0,1.0,,,,,,,,,,,,,,,,,,,,
55,Germany_Baseload#19#0#10000106,2021-10-26 06:38:43.548000,121.5,1.0,124.7,1.0,121.0,5.0,125.0,3.0,52.0,1.0,125.2,10.0,48.0,3.0,126.9,5.0,,,130.0,1.0,,,,,,,,,,,,,,,,,,,,
56,Germany_Baseload#19#0#10000106,2021-10-26 06:38:44.332000,121.5,1.0,124.7,1.0,121.0,5.0,125.0,3.0,115.8,5.0,125.2,10.0,52.0,1.0,126.9,5.0,48.0,3.0,130.0,1.0,,,,,,,,,,,,,,,,,,,,
57,Germany_Baseload#19#0#10000106,2021-10-26 06:38:44.533000,121.5,1.0,124.7,1.0,121.0,5.0,125.0,3.0,52.0,1.0,125.2,10.0,48.0,3.0,126.9,5.0,,,130.0,1.0,,,,,,,,,,,,,,,,,,,,
58,Germany_Baseload#19#0#10000106,2021-10-26 06:38:44.568000,121.5,1.0,124.7,1.0,121.0,5.0,125.0,3.0,52.0,1.0,125.2,10.0,48.0,3.0,126.9,5.0,,,130.0,1.0,,,130.8,5.0,,,,,,,,,,,,,,,,
59,Germany_Baseload#19#0#10000106,2021-10-26 06:38:45.545000,121.5,1.0,124.7,1.0,121.0,5.0,125.0,3.0,52.0,1.0,125.2,10.0,48.0,3.0,126.9,5.0,,,130.0,1.0,,,134.6,5.0,,,,,,,,,,,,,,,,
60,Germany_Baseload#19#0#10000106,2021-10-26 06:38:45.750000,121.5,1.0,124.7,1.0,121.0,5.0,125.0,3.0,52.0,1.0,125.2,10.0,48.0,3.0,126.9,5.0,,,130.0,1.0,,,,,,,,,,,,,,,,,,,,
61,Germany_Baseload#19#0#10000106,2021-10-26 06:38:58.865000,121.75,1.0,124.7,1.0,121.0,5.0,125.0,3.0,52.0,1.0,125.2,10.0,48.0,3.0,126.9,5.0,,,130.0,1.0,,,,,,,,,,,,,,,,,,,,
62,Germany_Baseload#19#0#10000106,2021-10-26 06:39:41.454000,121.75,1.0,124.7,1.0,121.0,5.0,125.0,3.0,115.6,5.0,125.2,10.0,52.0,1.0,126.9,5.0,48.0,3.0,130.0,1.0,,,,,,,,,,,,,,,,,,,,
63,Germany_Baseload#19#0#10000106,2021-10-26 06:39:48.304000,121.75,1.0,124.7,1.0,121.0,5.0,125.0,3.0,52.0,1.0,125.2,10.0,48.0,3.0,126.9,5.0,,,130.0,1.0,,,,,,,,,,,,,,,,,,,,
64,Germany_Baseload#19#0#10000106,2021-10-26 06:39:49.738000,121.75,1.0,124.7,1.0,121.0,5.0,125.0,3.0,116.2,5.0,125.2,10.0,52.0,1.0,126.9,5.0,48.0,3.0,130.0,1.0,,,,,,,,,,,,,,,,,,,,
65,Germany_Baseload#19#0#10000106,2021-10-26 06:39:49.762000,121.75,1.0,124.7,1.0,121.0,5.0,125.0,3.0,116.2,5.0,125.2,10.0,52.0,1.0,126.9,5.0,48.0,3.0,130.0,1.0,,,130.6,5.0,,,,,,,,,,,,,,,,
66,Germany_Baseload#19#0#10000106,2021-10-26 06:39:52.295000,121.75,1.0,124.7,1.0,121.0,5.0,125.0,3.0,115.6,5.0,125.2,10.0,52.0,1.0,126.9,5.0,48.0,3.0,130.0,1.0,,,130.6,5.0,,,,,,,,,,,,,,,,
67,Germany_Baseload#19#0#10000106,2021-10-26 06:39:52.919000,121.75,1.0,124.7,1.0,121.0,5.0,125.0,3.0,116.2,5.0,125.2,10.0,52.0,1.0,126.9,5.0,48.0,3.0,130.0,1.0,,,130.6,5.0,,,,,,,,,,,,,,,,
68,Germany_Baseload#19#0#10000106,2021-10-26 06:39:54.134000,121.75,1.0,124.7,1.0,121.0,5.0,125.0,3.0,115.6,5.0,125.2,10.0,52.0,1.0,126.9,5.0,48.0,3.0,130.0,1.0,,,130.6,5.0,,,,,,,,,,,,,,,,
69,Germany_Baseload#19#0#10000106,2021-10-26 06:39:54.346000,121.75,1.0,124.7,1.0,121.0,5.0,125.0,3.0,52.0,1.0,125.2,10.0,48.0,3.0,126.9,5.0,,,130.0,1.0,,,130.6,5.0,,,,,,,,,,,,,,,,
70,Germany_Baseload#19#0#10000106,2021-10-26 06:39:56.877000,121.75,1.0,124.7,1.0,121.0,5.0,125.0,3.0,52.0,1.0,125.2,10.0,48.0,3.0,126.9,5.0,,,130.0,1.0,,,,,,,,,,,,,,,,,,,,
71,Germany_Baseload#19#0#10000106,2021-10-26 06:39:58.538000,121.75,1.0,124.7,1.0,121.0,5.0,125.0,3.0,115.6,5.0,125.2,10.0,52.0,1.0,126.9,5.0,48.0,3.0,130.0,1.0,,,,,,,,,,,,,,,,,,,,
72,Germany_Baseload#19#0#10000106,2021-10-26 06:39:59.758000,121.75,1.0,124.7,1.0,121.0,5.0,125.0,3.0,112.2,5.0,125.2,10.0,52.0,1.0,126.9,5.0,48.0,3.0,130.0,1.0,,,,,,,,,,,,,,,,,,,,
73,Germany_Baseload#19#0#10000106,2021-10-26 06:40:02.962000,121.75,1.0,124.7,1.0,121.0,5.0,125.0,3.0,112.2,5.0,125.2,10.0,52.0,1.0,126.9,5.0,48.0,3.0,130.0,1.0,,,134.6,5.0,,,,,,,,,,,,,,,,
74,Germany_Baseload#19#0#10000106,2021-10-26 06:40:05.982000,121.75,1.0,124.7,1.0,121.0,5.0,125.0,3.0,115.4,5.0,125.2,10.0,52.0,1.0,126.9,5.0,48.0,3.0,130.0,1.0,,,134.6,5.0,,,,,,,,,,,,,,,,
75,Germany_Baseload#19#0#10000106,2021-10-26 06:40:09.395000,121.75,1.0,124.7,1.0,121.0,5.0,125.0,3.0,52.0,1.0,125.2,10.0,48.0,3.0,126.9,5.0,,,130.0,1.0,,,134.6,5.0,,,,,,,,,,,,,,,,
76,Germany_Baseload#19#0#10000106,2021-10-26 06:40:09.791000,121.75,1.0,124.7,1.0,121.0,5.0,125.0,3.0,52.0,1.0,125.2,10.0,48.0,3.0,126.9,5.0,,,130.0,1.0,,,130.6,5.0,,,,,,,,,,,,,,,,
77,Germany_Baseload#19#0#10000106,2021-10-26 06:40:10.421000,121.75,1.0,124.7,1.0,121.0,5.0,125.0,3.0,115.6,5.0,125.2,10.0,52.0,1.0,126.9,5.0,48.0,3.0,130.0,1.0,,,130.6,5.0,,,,,,,,,,,,,,,,
78,Germany_Baseload#19#0#10000106,2021-10-26 06:40:19.874000,121.75,1.0,124.7,1.0,121.0,5.0,125.0,3.0,116.2,5.0,125.2,10.0,52.0,1.0,126.9,5.0,48.0,3.0,130.0,1.0,,,130.6,5.0,,,,,,,,,,,,,,,,
79,Germany_Baseload#19#0#10000106,2021-10-26 06:40:26.157000,121.75,1.0,124.7,1.0,121.0,5.0,125.0,3.0,115.6,5.0,125.2,10.0,52.0,1.0,126.9,5.0,48.0,3.0,130.0,1.0,,,130.6,5.0,,,,,,,,,,,,,,,,
80,Germany_Baseload#19#0#10000106,2021-10-26 06:40:26.305000,121.75,1.0,124.7,1.0,121.0,5.0,125.0,3.0,52.0,1.0,125.2,10.0,48.0,3.0,126.9,5.0,,,130.0,1.0,,,130.6,5.0,,,,,,,,,,,,,,,,
81,Germany_Baseload#19#0#10000106,2021-10-26 06:40:41.564000,121.75,1.0,124.7,1.0,121.0,5.0,125.0,3.0,115.6,5.0,125.2,10.0,52.0,1.0,126.9,5.0,48.0,3.0,130.0,1.0,,,130.6,5.0,,,,,,,,,,,,,,,,
82,Germany_Baseload#19#0#10000106,2021-10-26 06:40:41.976000,121.75,1.0,124.7,1.0,121.0,5.0,125.0,3.0,116.2,5.0,125.2,10.0,52.0,1.0,126.9,5.0,48.0,3.0,130.0,1.0,,,130.6,5.0,,,,,,,,,,,,,,,,
83,Germany_Baseload#19#0#10000106,2021-10-26 06:40:44.584000,121.75,1.0,124.7,1.0,121.0,5.0,125.0,3.0,115.6,5.0,125.2,10.0,52.0,1.0,126.9,5.0,48.0,3.0,130.0,1.0,,,130.6,5.0,,,,,,,,,,,,,,,,
84,Germany_Baseload#19#0#10000106,2021-10-26 06:41:30.415000,121.75,1.0,124.7,1.0,121.0,5.0,125.0,3.0,52.0,1.0,125.2,10.0,48.0,3.0,126.9,5.0,,,130.0,1.0,,,130.6,5.0,,,,,,,,,,,,,,,,
85,Germany_Baseload#19#0#10000106,2021-10-26 06:41:35.886000,121.75,1.0,124.7,1.0,121.0,5.0,125.0,3.0,115.6,5.0,125.2,10.0,52.0,1.0,126.9,5.0,48.0,3.0,130.0,1.0,,,130.6,5.0,,,,,,,,,,,,,,,,
86,Germany_Baseload#19#0#10000106,2021-10-26 06:41:44.399000,121.75,1.0,124.7,1.0,121.0,5.0,125.0,3.0,52.0,1.0,125.2,10.0,48.0,3.0,126.9,5.0,,,130.0,1.0,,,130.6,5.0,,,,,,,,,,,,,,,,
87,Germany_Baseload#19#0#10000106,2021-10-26 06:44:02.214000,121.75,1.0,124.7,1.0,121.0,5.0,125.0,3.0,52.0,1.0,125.2,10.0,48.0,3.0,126.9,5.0,,,130.0,1.0,,,,,,,,,,,,,,,,,,,,
88,Germany_Baseload#19#0#10000106,2021-10-26 06:44:02.420000,121.75,1.0,124.7,1.0,121.0,5.0,125.0,3.0,52.0,1.0,125.2,10.0,48.0,3.0,126.9,5.0,,,130.0,1.0,,,134.4,5.0,,,,,,,,,,,,,,,,
89,Germany_Baseload#19#0#10000106,2021-10-26 06:44:13.858000,121.75,1.0,124.7,1.0,121.0,5.0,125.0,3.0,52.0,1.0,125.2,10.0,48.0,3.0,126.9,5.0,,,130.0,1.0,,,130.6,5.0,,,,,,,,,,,,,,,,
90,Germany_Baseload#19#0#10000106,2021-10-26 06:44:19.018000,121.75,1.0,125.0,3.0,121.0,5.0,125.2,10.0,52.0,1.0,126.9,5.0,48.0,3.0,130.0,1.0,,,130.6,5.0,,,,,,,,,,,,,,,,,,,,
91,Germany_Baseload#19#0#10000106,2021-10-26 06:45:41.123000,121.75,1.0,125.0,3.0,121.0,5.0,125.2,10.0,52.0,1.0,126.9,5.0,48.0,3.0,130.0,1.0,,,,,,,,,,,,,,,,,,,,,,,,
92,Germany_Baseload#19#0#10000106,2021-10-26 06:45:41.532000,121.75,1.0,125.0,3.0,121.0,5.0,125.2,10.0,52.0,1.0,126.9,5.0,48.0,3.0,130.0,1.0,,,130.6,5.0,,,,,,,,,,,,,,,,,,,,
93,Germany_Baseload#19#0#10000106,2021-10-26 06:45:46.933000,121.75,1.0,125.0,3.0,121.0,5.0,125.2,10.0,52.0,1.0,126.9,5.0,48.0,3.0,130.0,1.0,,,,,,,,,,,,,,,,,,,,,,,,
94,Germany_Baseload#19#0#10000106,2021-10-26 06:46:21.083000,121.75,1.0,125.0,3.0,121.0,5.0,125.2,10.0,52.0,1.0,126.9,5.0,48.0,3.0,130.0,1.0,,,,,,,,,,,,,,,,,,,,,,,,
95,Germany_Baseload#19#0#10000106,2021-10-26 06:46:23.893000,121.75,1.0,125.0,3.0,121.0,5.0,125.2,10.0,52.0,1.0,126.9,5.0,48.0,3.0,130.0,1.0,,,130.6,5.0,,,,,,,,,,,,,,,,,,,,
96,Germany_Baseload#19#0#10000106,2021-10-26 06:46:34.563000,121.75,1.0,125.0,3.0,121.0,5.0,125.2,10.0,52.0,1.0,126.9,5.0,48.0,3.0,130.0,1.0,,,,,,,,,,,,,,,,,,,,,,,,
97,Germany_Baseload#19#0#10000106,2021-10-26 06:46:42.429000,121.75,1.0,125.0,3.0,121.0,5.0,125.2,10.0,52.0,1.0,126.9,5.0,48.0,3.0,130.0,1.0,,,134.4,5.0,,,,,,,,,,,,,,,,,,,,
98,Germany_Baseload#19#0#10000106,2021-10-26 06:47:39.919000,121.75,1.0,125.0,3.0,121.0,5.0,125.2,10.0,52.0,1.0,126.9,5.0,48.0,3.0,130.0,1.0,,,130.6,5.0,,,,,,,,,,,,,,,,,,,,
99,Germany_Baseload#19#0#10000106,2021-10-26 06:48:02.488000,121.75,1.0,125.0,3.0,121.0,5.0,125.2,10.0,52.0,1.0,126.9,5.0,48.0,3.0,130.0,1.0,,,134.4,5.0,,,,,,,,,,,,,,,,,,,,
100,Germany_Baseload#19#0#10000106,2021-10-26 06:48:18.345000,121.75,1.0,125.0,3.0,121.0,5.0,125.2,10.0,52.0,1.0,126.9,5.0,48.0,3.0,130.0,1.0,,,134.2,5.0,,,,,,,,,,,,,,,,,,,,
101,Germany_Baseload#19#0#10000106,2021-10-26 06:48:22.331000,121.75,1.0,125.0,3.0,121.0,5.0,125.2,10.0,52.0,1.0,126.9,5.0,48.0,3.0,130.0,1.0,,,134.4,5.0,,,,,,,,,,,,,,,,,,,,
102,Germany_Baseload#19#0#10000106,2021-10-26 06:48:51.097000,121.75,1.0,125.0,3.0,121.0,5.0,125.2,10.0,52.0,1.0,126.9,5.0,48.0,3.0,130.0,1.0,,,134.2,5.0,,,,,,,,,,,,,,,,,,,,
103,Germany_Baseload#19#0#10000106,2021-10-26 06:48:55.153000,121.75,1.0,125.0,3.0,121.0,5.0,125.2,10.0,52.0,1.0,126.9,5.0,48.0,3.0,130.0,1.0,,,134.4,5.0,,,,,,,,,,,,,,,,,,,,
104,Germany_Baseload#19#0#10000106,2021-10-26 06:50:06.448000,121.75,1.0,125.0,3.0,121.0,5.0,125.2,10.0,52.0,1.0,126.9,5.0,48.0,3.0,130.0,1.0,,,130.6,5.0,,,,,,,,,,,,,,,,,,,,
105,Germany_Baseload#19#0#10000106,2021-10-26 06:51:36.251000,121.75,1.0,125.0,3.0,121.0,5.0,125.2,10.0,52.0,1.0,126.9,5.0,48.0,3.0,130.0,1.0,,,,,,,,,,,,,,,,,,,,,,,,
106,Germany_Baseload#19#0#10000106,2021-10-26 06:52:29.849000,121.75,1.0,125.0,3.0,121.0,5.0,125.2,10.0,52.0,1.0,126.9,5.0,48.0,3.0,130.0,1.0,,,130.6,5.0,,,,,,,,,,,,,,,,,,,,
107,Germany_Baseload#19#0#10000106,2021-10-26 06:52:32.858000,121.75,1.0,125.0,3.0,121.0,5.0,125.2,10.0,52.0,1.0,126.9,5.0,48.0,3.0,130.0,1.0,,,,,,,,,,,,,,,,,,,,,,,,
108,Germany_Baseload#19#0#10000106,2021-10-26 06:53:46.601000,121.75,1.0,125.0,3.0,121.0,5.0,125.2,10.0,52.0,1.0,126.9,5.0,48.0,3.0,130.0,1.0,,,130.6,5.0,,,,,,,,,,,,,,,,,,,,
109,Germany_Baseload#19#0#10000106,2021-10-26 06:54:28.443000,121.75,1.0,125.0,3.0,121.0,5.0,125.2,10.0,52.0,1.0,126.9,5.0,48.0,3.0,130.0,1.0,,,,,,,,,,,,,,,,,,,,,,,,
110,Germany_Baseload#19#0#10000106,2021-10-26 06:54:36.081000,121.75,1.0,125.0,3.0,121.0,5.0,125.2,10.0,52.0,1.0,126.9,5.0,48.0,3.0,130.0,1.0,,,130.6,5.0,,,,,,,,,,,,,,,,,,,,
111,Germany_Baseload#19#0#10000106,2021-10-26 06:54:45.539000,121.75,1.0,125.0,3.0,121.0,5.0,125.2,10.0,52.0,1.0,126.9,5.0,48.0,3.0,130.0,1.0,,,135.0,5.0,,,,,,,,,,,,,,,,,,,,
112,Germany_Baseload#19#0#10000106,2021-10-26 06:55:07.437000,121.75,1.0,125.0,3.0,121.0,5.0,125.2,10.0,52.0,1.0,126.9,5.0,48.0,3.0,130.0,1.0,,,130.6,5.0,,,,,,,,,,,,,,,,,,,,
113,Germany_Baseload#19#0#10000106,2021-10-26 06:55:31.960000,121.75,1.0,125.0,3.0,121.0,5.0,125.2,10.0,52.0,1.0,126.9,5.0,48.0,3.0,130.0,1.0,,,135.0,5.0,,,,,,,,,,,,,,,,,,,,
114,Germany_Baseload#19#0#10000106,2021-10-26 06:55:52.704000,122.0,2.0,125.0,3.0,121.75,1.0,125.2,10.0,121.0,5.0,126.9,5.0,52.0,1.0,130.0,1.0,48.0,3.0,135.0,5.0,,,,,,,,,,,,,,,,,,,,
115,Germany_Baseload#19#0#10000106,2021-10-26 06:56:22.824000,122.0,3.0,125.0,3.0,121.0,5.0,125.2,10.0,52.0,1.0,126.9,5.0,48.0,3.0,130.0,1.0,,,135.0,5.0,,,,,,,,,,,,,,,,,,,,
116,Germany_Baseload#19#0#10000106,2021-10-26 06:57:34.649000,122.0,5.0,125.0,3.0,121.0,5.0,125.2,10.0,52.0,1.0,126.9,5.0,48.0,3.0,130.0,1.0,,,135.0,5.0,,,,,,,,,,,,,,,,,,,,
117,Germany_Baseload#19#0#10000106,2021-10-26 06:57:35.523000,122.0,5.0,125.0,3.0,121.4,1.0,125.2,10.0,121.0,5.0,126.9,5.0,52.0,1.0,130.0,1.0,48.0,3.0,135.0,5.0,,,,,,,,,,,,,,,,,,,,
118,Germany_Baseload#19#0#10000106,2021-10-26 06:57:38.220000,122.0,5.0,125.0,3.0,121.0,5.0,125.2,10.0,52.0,1.0,126.9,5.0,48.0,3.0,130.0,1.0,,,135.0,5.0,,,,,,,,,,,,,,,,,,,,
119,Germany_Baseload#19#0#10000106,2021-10-26 06:57:38.481000,122.0,5.0,125.0,3.0,121.25,3.0,125.2,10.0,121.0,5.0,126.9,5.0,52.0,1.0,130.0,1.0,48.0,3.0,135.0,5.0,,,,,,,,,,,,,,,,,,,,
120,Germany_Baseload#19#0#10000106,2021-10-26 06:57:38.536000,122.0,5.0,125.0,3.0,121.25,3.0,125.2,10.0,121.0,5.0,126.9,5.0,52.0,1.0,130.0,1.0,48.0,3.0,130.6,5.0,,,,,,,,,,,,,,,,,,,,
121,Germany_Baseload#19#0#10000106,2021-10-26 06:57:43.979000,122.0,5.0,125.0,3.0,121.25,2.0,125.2,10.0,121.0,5.0,126.9,5.0,52.0,1.0,130.0,1.0,48.0,3.0,130.6,5.0,,,,,,,,,,,,,,,,,,,,
122,Germany_Baseload#19#0#10000106,2021-10-26 06:57:50.828000,122.0,7.0,125.0,3.0,121.0,5.0,125.2,10.0,52.0,1.0,126.9,5.0,48.0,3.0,130.0,1.0,,,130.6,5.0,,,,,,,,,,,,,,,,,,,,
123,Germany_Baseload#19#0#10000106,2021-10-26 06:57:54.129000,122.0,6.0,125.0,3.0,121.0,5.0,125.2,10.0,52.0,1.0,126.9,5.0,48.0,3.0,130.0,1.0,,,130.6,5.0,,,,,,,,,,,,,,,,,,,,
124,Germany_Baseload#19#0#10000106,2021-10-26 06:57:57.179000,122.3,1.0,125.0,3.0,122.0,6.0,125.2,10.0,121.0,5.0,126.9,5.0,52.0,1.0,130.0,1.0,48.0,3.0,130.6,5.0,,,,,,,,,,,,,,,,,,,,
125,Germany_Baseload#19#0#10000106,2021-10-26 06:57:57.353000,122.3,2.0,125.0,3.0,122.0,6.0,125.2,10.0,121.0,5.0,126.9,5.0,52.0,1.0,130.0,1.0,48.0,3.0,130.6,5.0,,,,,,,,,,,,,,,,,,,,
126,Germany_Baseload#19#0#10000106,2021-10-26 06:57:57.354000,122.3,2.0,125.0,3.0,122.0,2.0,125.2,10.0,121.0,5.0,126.9,5.0,52.0,1.0,130.0,1.0,48.0,3.0,130.6,5.0,,,,,,,,,,,,,,,,,,,,
127,Germany_Baseload#19#0#10000106,2021-10-26 06:57:57.358000,122.3,2.0,125.0,3.0,122.0,2.0,125.2,10.0,121.75,2.0,126.9,5.0,121.0,5.0,130.0,1.0,52.0,1.0,130.6,5.0,48.0,3.0,,,,,,,,,,,,,,,,,,
128,Germany_Baseload#19#0#10000106,2021-10-26 06:57:57.359000,122.3,2.0,125.0,3.0,122.0,3.0,125.2,10.0,121.75,2.0,126.9,5.0,121.0,5.0,130.0,1.0,52.0,1.0,130.6,5.0,48.0,3.0,,,,,,,,,,,,,,,,,,
129,Germany_Baseload#19#0#10000106,2021-10-26 06:58:05.527000,122.3,3.0,125.0,3.0,122.0,3.0,125.2,10.0,121.75,2.0,126.9,5.0,121.0,5.0,130.0,1.0,52.0,1.0,130.6,5.0,48.0,3.0,,,,,,,,,,,,,,,,,,
130,Germany_Baseload#19#0#10000106,2021-10-26 06:58:05.528000,122.3,4.0,125.0,3.0,122.0,3.0,125.2,10.0,121.0,5.0,126.9,5.0,52.0,1.0,130.0,1.0,48.0,3.0,130.6,5.0,,,,,,,,,,,,,,,,,,,,
131,Germany_Baseload#19#0#10000106,2021-10-26 06:58:23.834000,122.49,2.0,125.0,3.0,122.3,4.0,125.2,10.0,122.0,1.0,126.9,5.0,121.0,5.0,130.0,1.0,52.0,1.0,130.6,5.0,48.0,3.0,,,,,,,,,,,,,,,,,,
132,Germany_Baseload#19#0#10000106,2021-10-26 06:58:24.211000,122.49,2.0,125.0,3.0,122.45,1.0,125.2,10.0,122.3,2.0,126.9,5.0,122.0,1.0,130.0,1.0,121.0,5.0,130.6,5.0,52.0,1.0,,,48.0,3.0,,,,,,,,,,,,,,
133,Germany_Baseload#19#0#10000106,2021-10-26 06:58:24.214000,122.49,2.0,125.0,3.0,122.45,1.0,125.2,10.0,122.3,2.0,126.9,5.0,122.0,1.0,130.0,1.0,121.9,2.0,130.6,5.0,121.0,5.0,,,52.0,1.0,,,48.0,3.0,,,,,,,,,,
134,Germany_Baseload#19#0#10000106,2021-10-26 06:58:24.215000,122.49,2.0,125.0,3.0,122.45,1.0,125.2,10.0,122.3,1.0,126.9,5.0,122.0,1.0,130.0,1.0,121.9,2.0,130.6,5.0,121.0,5.0,,,52.0,1.0,,,48.0,3.0,,,,,,,,,,
135,Germany_Baseload#19#0#10000106,2021-10-26 06:58:38.355000,122.49,2.0,125.0,3.0,122.45,1.0,125.2,10.0,122.3,1.0,126.9,5.0,122.0,1.0,130.0,1.0,121.9,2.0,130.6,5.0,121.75,2.0,,,121.0,5.0,,,52.0,1.0,,,48.0,3.0,,,,,,
136,Germany_Baseload#19#0#10000106,2021-10-26 06:58:38.356000,122.49,2.0,125.0,3.0,122.45,1.0,125.2,10.0,122.3,1.0,126.9,5.0,122.0,1.0,130.0,1.0,121.75,2.0,130.6,5.0,121.0,5.0,,,52.0,1.0,,,48.0,3.0,,,,,,,,,,
137,Germany_Baseload#19#0#10000106,2021-10-26 06:58:38.444000,122.49,2.0,125.0,3.0,122.45,1.0,125.2,10.0,122.3,1.0,126.9,5.0,122.0,1.0,130.0,1.0,121.5,2.0,130.6,5.0,121.0,5.0,,,52.0,1.0,,,48.0,3.0,,,,,,,,,,
138,Germany_Baseload#19#0#10000106,2021-10-26 06:58:42.344000,122.49,2.0,125.0,3.0,122.45,1.0,125.2,10.0,122.3,1.0,126.9,5.0,122.0,1.0,130.0,1.0,121.5,2.0,130.8,5.0,121.0,5.0,,,52.0,1.0,,,48.0,3.0,,,,,,,,,,
139,Germany_Baseload#19#0#10000106,2021-10-26 06:58:45.747000,122.5,2.0,125.0,3.0,122.45,1.0,125.2,10.0,122.3,1.0,126.9,5.0,122.0,1.0,130.0,1.0,121.35,2.0,135.0,5.0,121.0,5.0,,,52.0,1.0,,,48.0,3.0,,,,,,,,,,
140,Germany_Baseload#19#0#10000106,2021-10-26 06:58:45.809000,122.5,2.0,125.0,3.0,122.45,1.0,125.2,10.0,122.3,1.0,126.9,5.0,122.0,1.0,130.0,1.0,121.5,2.0,130.8,5.0,121.0,5.0,,,52.0,1.0,,,48.0,3.0,,,,,,,,,,
141,Germany_Baseload#19#0#10000106,2021-10-26 06:58:45.986000,122.5,1.0,125.0,3.0,122.3,1.0,125.2,10.0,122.0,1.0,126.9,5.0,121.35,2.0,130.0,1.0,121.0,5.0,135.0,5.0,52.0,1.0,,,48.0,3.0,,,,,,,,,,,,,,
142,Germany_Baseload#19#0#10000106,2021-10-26 06:58:46.211000,122.5,2.0,125.0,3.0,122.45,1.0,125.2,10.0,122.3,1.0,126.9,5.0,122.0,1.0,130.0,1.0,121.5,2.0,135.0,5.0,121.0,5.0,,,52.0,1.0,,,48.0,3.0,,,,,,,,,,
143,Germany_Baseload#19#0#10000106,2021-10-26 06:58:48.538000,122.55,1.0,125.0,3.0,122.5,1.0,125.2,10.0,122.0,1.0,126.9,5.0,121.35,2.0,130.0,1.0,121.0,5.0,135.0,5.0,52.0,1.0,,,48.0,3.0,,,,,,,,,,,,,,
144,Germany_Baseload#19#0#10000106,2021-10-26 06:58:48.707000,122.55,2.0,125.0,3.0,122.5,1.0,125.2,10.0,122.0,1.0,126.9,5.0,121.35,2.0,130.0,1.0,121.0,5.0,135.0,5.0,52.0,1.0,,,48.0,3.0,,,,,,,,,,,,,,
145,Germany_Baseload#19#0#10000106,2021-10-26 06:58:48.708000,122.55,2.0,125.0,3.0,122.5,2.0,125.2,10.0,122.0,1.0,126.9,5.0,121.35,2.0,130.0,1.0,121.0,5.0,135.0,5.0,52.0,1.0,,,48.0,3.0,,,,,,,,,,,,,,
146,Germany_Baseload#19#0#10000106,2021-10-26 06:59:04.779000,122.55,2.0,125.0,3.0,122.5,2.0,125.2,10.0,122.0,1.0,126.9,5.0,121.35,2.0,130.0,1.0,121.0,5.0,135.2,5.0,52.0,1.0,,,48.0,3.0,,,,,,,,,,,,,,
147,Germany_Baseload#19#0#10000106,2021-10-26 06:59:17.900000,122.55,2.0,125.0,3.0,122.5,2.0,125.2,10.0,122.0,1.0,126.9,5.0,121.85,2.0,130.0,1.0,121.0,5.0,135.2,5.0,52.0,1.0,,,48.0,3.0,,,,,,,,,,,,,,
148,Germany_Baseload#19#0#10000106,2021-10-26 06:59:18.105000,122.55,2.0,125.0,3.0,122.5,2.0,125.2,10.0,122.0,1.0,126.9,5.0,121.85,2.0,130.0,1.0,121.75,2.0,135.2,5.0,121.0,5.0,,,52.0,1.0,,,48.0,3.0,,,,,,,,,,
149,Germany_Baseload#19#0#10000106,2021-10-26 06:59:18.106000,122.55,2.0,125.0,3.0,122.5,2.0,125.2,10.0,122.0,1.0,126.9,5.0,121.75,2.0,130.0,1.0,121.0,5.0,135.2,5.0,52.0,1.0,,,48.0,3.0,,,,,,,,,,,,,,
150,Germany_Baseload#19#0#10000106,2021-10-26 06:59:20.070000,122.55,2.0,125.0,3.0,122.5,2.0,125.2,10.0,122.0,1.0,126.9,5.0,121.75,2.0,130.0,1.0,121.6,2.0,135.2,5.0,121.0,5.0,,,52.0,1.0,,,48.0,3.0,,,,,,,,,,
151,Germany_Baseload#19#0#10000106,2021-10-26 06:59:20.071000,122.55,2.0,125.0,3.0,122.5,2.0,125.2,10.0,122.0,1.0,126.9,5.0,121.6,2.0,130.0,1.0,121.0,5.0,135.2,5.0,52.0,1.0,,,48.0,3.0,,,,,,,,,,,,,,
152,Germany_Baseload#19#0#10000106,2021-10-26 06:59:20.164000,122.55,2.0,125.0,3.0,122.5,2.0,125.2,10.0,122.0,1.0,126.9,5.0,121.5,2.0,130.0,1.0,121.0,5.0,135.2,5.0,52.0,1.0,,,48.0,3.0,,,,,,,,,,,,,,
153,Germany_Baseload#19#0#10000106,2021-10-26 06:59:33.263000,122.55,1.0,125.0,3.0,122.5,2.0,125.2,10.0,121.5,2.0,126.9,5.0,121.0,5.0,130.0,1.0,52.0,1.0,135.2,5.0,48.0,3.0,,,,,,,,,,,,,,,,,,
154,Germany_Baseload#19#0#10000106,2021-10-26 07:00:01.475000,122.55,1.0,125.0,3.0,122.5,2.0,125.2,10.0,121.5,2.0,126.9,5.0,121.0,5.0,130.0,1.0,52.0,1.0,130.8,5.0,48.0,3.0,,,,,,,,,,,,,,,,,,
155,Germany_Baseload#19#0#10000106,2021-10-26 07:00:06.720000,122.55,1.0,125.0,3.0,122.5,2.0,125.2,10.0,121.5,2.0,126.9,5.0,121.0,5.0,130.0,1.0,52.0,1.0,135.2,5.0,48.0,3.0,,,,,,,,,,,,,,,,,,
156,Germany_Baseload#19#0#10000106,2021-10-26 07:00:15.557000,122.55,1.0,125.0,3.0,122.5,2.0,125.2,10.0,121.5,2.0,126.9,5.0,121.0,5.0,130.0,1.0,52.0,1.0,130.8,5.0,48.0,3.0,,,,,,,,,,,,,,,,,,
157,Germany_Baseload#19#0#10000106,2021-10-26 07:00:36.834000,123.0,1.0,125.0,3.0,122.55,1.0,125.2,10.0,122.5,2.0,126.9,5.0,121.5,2.0,130.0,1.0,121.0,5.0,130.8,5.0,52.0,1.0,,,48.0,3.0,,,,,,,,,,,,,,
158,Germany_Baseload#19#0#10000106,2021-10-26 07:00:37.002000,123.0,2.0,125.0,3.0,122.55,1.0,125.2,10.0,122.5,2.0,126.9,5.0,121.5,2.0,130.0,1.0,121.0,5.0,130.8,5.0,52.0,1.0,,,48.0,3.0,,,,,,,,,,,,,,
159,Germany_Baseload#19#0#10000106,2021-10-26 07:00:38.973000,123.0,1.0,125.0,3.0,122.55,1.0,125.2,10.0,122.5,2.0,126.9,5.0,121.5,2.0,130.0,1.0,121.0,5.0,130.8,5.0,52.0,1.0,,,48.0,3.0,,,,,,,,,,,,,,
160,Germany_Baseload#19#0#10000106,2021-10-26 07:00:39.046000,123.0,1.0,125.0,3.0,122.55,1.0,125.2,10.0,122.5,2.0,126.9,5.0,121.2,2.0,130.0,1.0,121.0,5.0,130.8,5.0,52.0,1.0,,,48.0,3.0,,,,,,,,,,,,,,
161,Germany_Baseload#19#0#10000106,2021-10-26 07:00:39.137000,123.0,1.0,125.0,3.0,122.55,1.0,125.2,10.0,122.5,2.0,126.9,5.0,121.0,5.0,130.0,1.0,52.0,1.0,130.8,5.0,48.0,3.0,,,,,,,,,,,,,,,,,,
162,Germany_Baseload#19#0#10000106,2021-10-26 07:01:05.334000,122.75,1.0,125.0,3.0,122.55,1.0,125.2,10.0,122.5,2.0,126.9,5.0,121.0,5.0,130.0,1.0,52.0,1.0,130.8,5.0,48.0,3.0,,,,,,,,,,,,,,,,,,
163,Germany_Baseload#19#0#10000106,2021-10-26 07:01:20.273000,122.75,1.0,125.0,3.0,122.55,1.0,125.2,10.0,122.5,2.0,126.9,5.0,121.0,5.0,130.0,1.0,52.0,1.0,,,48.0,3.0,,,,,,,,,,,,,,,,,,
164,Germany_Baseload#19#0#10000106,2021-10-26 07:01:20.474000,122.75,1.0,125.0,3.0,122.55,1.0,125.2,10.0,122.5,2.0,126.9,5.0,121.0,5.0,130.0,1.0,52.0,1.0,130.8,5.0,48.0,3.0,,,,,,,,,,,,,,,,,,
165,Germany_Baseload#19#0#10000106,2021-10-26 07:01:33.367000,122.75,1.0,125.0,3.0,122.55,1.0,125.2,10.0,122.5,2.0,126.9,5.0,121.0,5.0,130.0,1.0,52.0,1.0,,,48.0,3.0,,,,,,,,,,,,,,,,,,
166,Germany_Baseload#19#0#10000106,2021-10-26 07:01:33.524000,122.75,1.0,125.0,3.0,122.55,1.0,125.2,10.0,122.5,2.0,126.9,5.0,121.0,5.0,130.0,1.0,52.0,1.0,130.8,5.0,48.0,3.0,,,,,,,,,,,,,,,,,,
167,Germany_Baseload#19#0#10000106,2021-10-26 07:01:39.461000,122.75,1.0,125.0,9.0,122.55,1.0,125.2,10.0,122.5,2.0,126.9,5.0,121.0,5.0,130.8,5.0,52.0,1.0,,,48.0,3.0,,,,,,,,,,,,,,,,,,
168,Germany_Baseload#19#0#10000106,2021-10-26 07:01:40.481000,122.75,1.0,125.0,9.0,122.55,1.0,125.2,10.0,122.5,2.0,126.9,5.0,121.5,1.0,130.8,5.0,121.0,5.0,,,52.0,1.0,,,48.0,3.0,,,,,,,,,,,,,,
169,Germany_Baseload#19#0#10000106,2021-10-26 07:01:48.117000,122.75,1.0,125.0,9.0,122.55,1.0,125.2,10.0,122.5,2.0,126.0,1.0,121.5,1.0,126.9,5.0,121.0,5.0,130.8,5.0,52.0,1.0,,,48.0,3.0,,,,,,,,,,,,,,
170,Germany_Baseload#19#0#10000106,2021-10-26 07:01:58.293000,122.75,1.0,125.0,9.0,122.55,1.0,125.2,10.0,122.5,2.0,126.0,1.0,121.5,1.0,126.9,5.0,121.0,5.0,130.6,5.0,52.0,1.0,,,48.0,3.0,,,,,,,,,,,,,,
171,Germany_Baseload#19#0#10000106,2021-10-26 07:02:48.483000,122.75,1.0,125.0,9.0,122.55,1.0,125.2,10.0,122.5,2.0,126.0,1.0,121.5,1.0,126.9,5.0,121.0,5.0,130.8,5.0,52.0,1.0,,,48.0,3.0,,,,,,,,,,,,,,
172,Germany_Baseload#19#0#10000106,2021-10-26 07:03:07.046000,122.75,1.0,124.5,1.0,122.55,1.0,125.0,9.0,122.5,2.0,125.2,10.0,121.5,1.0,126.0,1.0,121.0,5.0,126.9,5.0,52.0,1.0,130.8,5.0,48.0,3.0,,,,,,,,,,,,,,
173,Germany_Baseload#19#0#10000106,2021-10-26 07:03:16.772000,122.75,1.0,124.5,1.0,122.55,1.0,125.0,9.0,122.5,2.0,125.2,10.0,121.5,1.0,126.0,1.0,121.0,5.0,126.9,5.0,52.0,1.0,130.6,5.0,48.0,3.0,,,,,,,,,,,,,,
174,Germany_Baseload#19#0#10000106,2021-10-26 07:03:20.639000,122.75,1.0,124.5,1.0,122.55,1.0,125.0,9.0,122.5,2.0,125.2,10.0,121.5,1.0,126.0,1.0,121.0,5.0,126.9,5.0,52.0,1.0,130.8,5.0,48.0,3.0,,,,,,,,,,,,,,
175,Germany_Baseload#19#0#10000106,2021-10-26 07:03:21.259000,122.75,1.0,124.5,1.0,122.55,1.0,125.0,9.0,122.5,2.0,125.2,10.0,121.5,1.0,126.0,1.0,121.0,5.0,126.9,5.0,52.0,1.0,130.6,5.0,48.0,3.0,,,,,,,,,,,,,,
176,Germany_Baseload#19#0#10000106,2021-10-26 07:03:39.971000,122.75,1.0,124.5,1.0,122.55,1.0,125.0,9.0,122.5,2.0,125.2,10.0,121.5,1.0,126.0,1.0,121.0,5.0,126.5,1.0,52.0,1.0,126.9,5.0,48.0,3.0,130.6,5.0,,,,,,,,,,,,
177,Germany_Baseload#19#0#10000106,2021-10-26 07:05:59.358000,122.75,1.0,124.5,1.0,122.55,1.0,125.0,9.0,122.5,2.0,125.2,10.0,121.5,1.0,126.0,1.0,121.0,5.0,126.5,1.0,52.0,1.0,126.9,5.0,48.0,3.0,130.6,5.0,,,,,,,,,,,,
178,Germany_Baseload#19#0#10000106,2021-10-26 07:06:15.252000,122.75,2.0,124.5,1.0,122.5,2.0,125.0,9.0,121.5,1.0,125.2,10.0,121.0,5.0,126.0,1.0,52.0,1.0,126.5,1.0,48.0,3.0,126.9,5.0,,,130.6,5.0,,,,,,,,,,,,
179,Germany_Baseload#19#0#10000106,2021-10-26 07:06:35.566000,123.25,1.0,124.5,1.0,122.75,2.0,125.0,9.0,122.5,2.0,125.2,10.0,121.5,1.0,126.0,1.0,121.0,5.0,126.5,1.0,52.0,1.0,126.9,5.0,48.0,3.0,130.6,5.0,,,,,,,,,,,,
180,Germany_Baseload#19#0#10000106,2021-10-26 07:06:35.753000,123.25,1.0,124.5,1.0,122.75,1.0,125.0,9.0,122.6,1.0,125.2,10.0,122.5,2.0,126.0,1.0,121.5,1.0,126.5,1.0,121.0,5.0,126.9,5.0,52.0,1.0,130.6,5.0,48.0,3.0,,,,,,,,,,
181,Germany_Baseload#19#0#10000106,2021-10-26 07:07:04.903000,123.25,1.0,124.5,1.0,122.75,1.0,125.0,9.0,122.6,1.0,125.2,10.0,122.5,2.0,126.0,1.0,121.5,1.0,126.5,1.0,121.0,5.0,126.9,5.0,52.0,1.0,130.8,5.0,48.0,3.0,,,,,,,,,,
182,Germany_Baseload#19#0#10000106,2021-10-26 07:07:06.209000,123.25,1.0,124.5,1.0,122.75,1.0,125.0,9.0,122.65,1.0,125.2,10.0,122.6,1.0,126.0,1.0,122.5,2.0,126.5,1.0,121.5,1.0,126.9,5.0,121.0,5.0,130.8,5.0,52.0,1.0,,,48.0,3.0,,,,,,
183,Germany_Baseload#19#0#10000106,2021-10-26 07:07:06.302000,123.25,1.0,124.5,1.0,122.75,1.0,125.0,9.0,122.65,2.0,125.2,10.0,122.5,2.0,126.0,1.0,121.5,1.0,126.5,1.0,121.0,5.0,126.9,5.0,52.0,1.0,130.8,5.0,48.0,3.0,,,,,,,,,,
184,Germany_Baseload#19#0#10000106,2021-10-26 07:07:12.274000,123.25,1.0,124.5,1.0,122.75,1.0,125.0,9.0,122.65,2.0,125.2,10.0,122.5,2.0,126.0,1.0,121.5,1.0,126.5,1.0,121.0,5.0,126.9,5.0,52.0,1.0,130.6,5.0,48.0,3.0,,,,,,,,,,
185,Germany_Baseload#19#0#10000106,2021-10-26 07:07:17.741000,123.25,1.0,124.5,1.0,122.75,1.0,125.0,9.0,122.65,2.0,125.2,10.0,122.5,2.0,126.0,1.0,121.5,1.0,126.5,1.0,121.0,5.0,126.9,5.0,52.0,1.0,130.8,5.0,48.0,3.0,,,,,,,,,,
186,Germany_Baseload#19#0#10000106,2021-10-26 07:07:24.504000,123.25,2.0,124.5,1.0,122.75,1.0,125.0,9.0,122.65,1.0,125.2,10.0,122.5,2.0,126.0,1.0,121.5,1.0,126.5,1.0,121.0,5.0,126.9,5.0,52.0,1.0,130.8,5.0,48.0,3.0,,,,,,,,,,
187,Germany_Baseload#19#0#10000106,2021-10-26 07:07:32.935000,123.25,2.0,124.5,1.0,122.75,1.0,125.0,9.0,122.65,1.0,125.2,10.0,122.5,2.0,126.0,1.0,121.5,1.0,126.5,1.0,121.0,5.0,126.9,5.0,52.0,1.0,130.6,5.0,48.0,3.0,,,,,,,,,,
188,Germany_Baseload#19#0#10000106,2021-10-26 07:07:38.896000,123.25,2.0,124.5,1.0,122.75,1.0,125.0,9.0,122.65,1.0,125.2,10.0,122.5,2.0,126.0,1.0,121.5,1.0,126.5,1.0,121.0,5.0,126.9,5.0,52.0,1.0,130.8,5.0,48.0,3.0,,,,,,,,,,
189,Germany_Baseload#19#0#10000106,2021-10-26 07:07:45.847000,123.55,1.0,124.5,1.0,123.25,1.0,125.0,9.0,122.75,1.0,125.2,10.0,122.65,1.0,126.0,1.0,122.5,2.0,126.5,1.0,121.5,1.0,126.9,5.0,121.0,5.0,130.8,5.0,52.0,1.0,,,48.0,3.0,,,,,,
190,Germany_Baseload#19#0#10000106,2021-10-26 07:07:46.010000,123.55,1.0,124.5,1.0,123.0,1.0,125.0,9.0,122.75,1.0,125.2,10.0,122.65,1.0,126.0,1.0,122.5,2.0,126.5,1.0,121.5,1.0,126.9,5.0,121.0,5.0,130.8,5.0,52.0,1.0,,,48.0,3.0,,,,,,
191,Germany_Baseload#19#0#10000106,2021-10-26 07:09:29.418000,123.55,1.0,124.5,1.0,123.0,1.0,125.0,9.0,122.75,1.0,125.2,10.0,122.65,1.0,126.0,1.0,122.5,2.0,126.5,1.0,121.5,1.0,126.9,5.0,121.0,5.0,130.6,5.0,52.0,1.0,,,48.0,3.0,,,,,,
192,Germany_Baseload#19#0#10000106,2021-10-26 07:10:48.051000,123.55,2.0,124.5,1.0,122.75,1.0,125.0,9.0,122.65,1.0,125.2,10.0,122.5,2.0,126.0,1.0,121.5,1.0,126.5,1.0,121.0,5.0,126.9,5.0,52.0,1.0,130.6,5.0,48.0,3.0,,,,,,,,,,
193,Germany_Baseload#19#0#10000106,2021-10-26 07:10:53.532000,123.55,2.0,124.5,1.0,122.75,1.0,125.0,9.0,122.65,1.0,125.2,10.0,122.5,2.0,126.0,1.0,121.5,1.0,126.5,1.0,121.0,5.0,126.9,5.0,52.0,1.0,136.6,5.0,48.0,3.0,,,,,,,,,,
194,Germany_Baseload#19#0#10000106,2021-10-26 07:10:58.858000,123.55,2.0,124.5,1.0,122.75,1.0,125.0,9.0,122.65,1.0,125.2,10.0,122.5,2.0,126.0,1.0,121.5,1.0,126.5,1.0,121.0,5.0,126.9,5.0,52.0,1.0,,,48.0,3.0,,,,,,,,,,
195,Germany_Baseload#19#0#10000106,2021-10-26 07:10:59.059000,123.55,2.0,124.5,1.0,122.75,1.0,125.0,9.0,122.65,1.0,125.2,10.0,122.5,2.0,126.0,1.0,121.5,1.0,126.5,1.0,121.0,5.0,126.9,5.0,52.0,1.0,130.6,5.0,48.0,3.0,,,,,,,,,,
196,Germany_Baseload#19#0#10000106,2021-10-26 07:11:02.880000,123.55,1.0,124.5,1.0,122.75,1.0,125.0,9.0,122.65,1.0,125.2,10.0,122.5,2.0,126.0,1.0,121.5,1.0,126.5,1.0,121.0,5.0,126.9,5.0,52.0,1.0,130.6,5.0,48.0,3.0,,,,,,,,,,
197,Germany_Baseload#19#0#10000106,2021-10-26 07:11:02.977000,123.55,2.0,124.5,1.0,122.75,1.0,125.0,9.0,122.65,1.0,125.2,10.0,122.5,2.0,126.0,1.0,121.5,1.0,126.5,1.0,121.0,5.0,126.9,5.0,52.0,1.0,130.6,5.0,48.0,3.0,,,,,,,,,,
198,Germany_Baseload#19#0#10000106,2021-10-26 07:11:05.093000,123.55,2.0,124.5,1.0,122.75,1.0,125.0,9.0,122.65,1.0,125.2,10.0,122.5,2.0,126.0,1.0,121.5,1.0,126.5,1.0,121.0,5.0,126.9,5.0,52.0,1.0,130.8,5.0,48.0,3.0,,,,,,,,,,
199,Germany_Baseload#19#0#10000106,2021-10-26 07:11:05.748000,123.55,1.0,124.5,1.0,122.75,1.0,125.0,9.0,122.65,1.0,125.2,10.0,122.5,2.0,126.0,1.0,121.5,1.0,126.5,1.0,121.0,5.0,126.9,5.0,52.0,1.0,130.8,5.0,48.0,3.0,,,,,,,,,,
200,Germany_Baseload#19#0#10000106,2021-10-26 07:11:06.819000,123.55,1.0,124.5,1.0,122.75,1.0,125.0,9.0,122.65,1.0,125.2,10.0,122.5,2.0,126.0,1.0,121.5,1.0,126.5,1.0,121.0,5.0,126.9,5.0,52.0,1.0,137.6,5.0,48.0,3.0,,,,,,,,,,
201,Germany_Baseload#19#0#10000106,2021-10-26 07:11:08.098000,123.6,1.0,124.5,1.0,123.55,1.0,125.0,9.0,122.75,1.0,125.2,10.0,122.65,1.0,126.0,1.0,122.5,2.0,126.5,1.0,121.5,1.0,126.9,5.0,121.0,5.0,137.6,5.0,52.0,1.0,,,48.0,3.0,,,,,,
202,Germany_Baseload#19#0#10000106,2021-10-26 07:11:08.200000,123.6,1.0,124.5,1.0,123.55,1.0,125.0,9.0,122.75,1.0,125.2,10.0,122.65,1.0,126.0,1.0,122.5,2.0,126.5,1.0,121.5,1.0,126.9,5.0,121.0,5.0,137.6,5.0,52.0,1.0,,,48.0,3.0,,,,,,
203,Germany_Baseload#19#0#10000106,2021-10-26 07:11:08.201000,123.55,2.0,124.5,1.0,122.75,1.0,125.0,9.0,122.65,1.0,125.2,10.0,122.5,2.0,126.0,1.0,121.5,1.0,126.5,1.0,121.0,5.0,126.9,5.0,52.0,1.0,137.6,5.0,48.0,3.0,,,,,,,,,,
204,Germany_Baseload#19#0#10000106,2021-10-26 07:11:08.912000,123.55,1.0,124.5,1.0,122.75,1.0,125.0,9.0,122.65,1.0,125.2,10.0,122.5,2.0,126.0,1.0,121.5,1.0,126.5,1.0,121.0,5.0,126.9,5.0,52.0,1.0,137.6,5.0,48.0,3.0,,,,,,,,,,
205,Germany_Baseload#19#0#10000106,2021-10-26 07:11:09.754000,123.55,1.0,125.0,9.0,122.75,1.0,125.2,10.0,122.65,1.0,126.0,1.0,122.5,2.0,126.5,1.0,121.5,1.0,126.9,5.0,121.0,5.0,137.6,5.0,52.0,1.0,,,48.0,3.0,,,,,,,,,,
206,Germany_Baseload#19#0#10000106,2021-10-26 07:11:20.298000,123.55,1.0,125.0,9.0,122.75,1.0,125.2,10.0,122.65,1.0,126.0,1.0,122.5,2.0,126.5,1.0,121.5,1.0,126.9,5.0,121.0,5.0,137.4,5.0,52.0,1.0,,,48.0,3.0,,,,,,,,,,
207,Germany_Baseload#19#0#10000106,2021-10-26 07:11:24.450000,123.55,1.0,125.0,9.0,122.75,1.0,125.2,10.0,122.65,1.0,126.0,1.0,122.5,2.0,126.5,1.0,121.5,1.0,126.9,5.0,121.0,5.0,137.6,5.0,52.0,1.0,,,48.0,3.0,,,,,,,,,,
208,Germany_Baseload#19#0#10000106,2021-10-26 07:11:25.467000,124.5,1.0,125.0,9.0,123.55,1.0,125.2,10.0,122.75,1.0,126.0,1.0,122.65,1.0,126.5,1.0,122.5,2.0,126.9,5.0,121.5,1.0,137.6,5.0,121.0,5.0,,,52.0,1.0,,,48.0,3.0,,,,,,
209,Germany_Baseload#19#0#10000106,2021-10-26 07:11:26.179000,124.5,1.0,125.0,9.0,123.55,1.0,125.2,10.0,122.75,1.0,126.0,1.0,122.65,1.0,126.5,1.0,122.5,2.0,126.9,5.0,121.5,1.0,137.4,5.0,121.0,5.0,,,52.0,1.0,,,48.0,3.0,,,,,,
210,Germany_Baseload#19#0#10000106,2021-10-26 07:11:26.668000,124.5,1.0,125.0,9.0,123.55,1.0,125.2,10.0,122.75,1.0,126.0,1.0,122.65,1.0,126.5,1.0,122.5,2.0,126.9,5.0,121.5,1.0,137.4,5.0,121.0,5.0,,,116.2,5.0,,,52.0,1.0,,,48.0,3.0,,
211,Germany_Baseload#19#0#10000106,2021-10-26 07:11:28.041000,124.5,1.0,125.0,9.0,123.55,1.0,125.2,10.0,122.75,1.0,126.0,1.0,122.65,1.0,126.5,1.0,122.5,2.0,126.9,5.0,121.5,1.0,137.4,5.0,121.0,5.0,,,116.2,5.0,,,52.0,1.0,,,48.0,3.0,,
212,Germany_Baseload#19#0#10000106,2021-10-26 07:11:29.359000,124.5,1.0,125.0,9.0,123.55,1.0,125.2,10.0,122.75,1.0,126.0,1.0,122.65,1.0,126.5,1.0,122.5,2.0,126.9,5.0,121.5,1.0,137.4,5.0,121.0,5.0,,,52.0,1.0,,,48.0,3.0,,,,,,
213,Germany_Baseload#19#0#10000106,2021-10-26 07:11:30.191000,124.5,1.0,125.0,9.0,123.55,1.0,125.2,10.0,122.75,1.0,126.0,1.0,122.65,1.0,126.5,1.0,122.5,2.0,126.9,5.0,121.5,1.0,140.0,5.0,121.0,5.0,,,52.0,1.0,,,48.0,3.0,,,,,,
214,Germany_Baseload#19#0#10000106,2021-10-26 07:11:30.515000,124.5,1.0,125.0,9.0,123.55,1.0,125.2,10.0,122.75,1.0,126.0,1.0,122.65,1.0,126.5,1.0,122.5,2.0,126.9,5.0,121.5,1.0,140.0,5.0,121.0,5.0,,,116.2,5.0,,,52.0,1.0,,,48.0,3.0,,
215,Germany_Baseload#19#0#10000106,2021-10-26 07:11:30.903000,124.5,1.0,125.0,9.0,123.55,1.0,125.2,10.0,122.75,1.0,126.0,1.0,122.65,1.0,126.5,1.0,122.5,2.0,126.9,5.0,121.5,1.0,137.6,5.0,121.0,5.0,,,116.2,5.0,,,52.0,1.0,,,48.0,3.0,,
216,Germany_Baseload#19#0#10000106,2021-10-26 07:11:36.347000,124.5,1.0,125.0,2.0,123.55,1.0,125.2,10.0,122.75,1.0,126.0,1.0,122.65,1.0,126.5,1.0,122.5,2.0,126.75,1.0,121.5,1.0,126.9,5.0,121.0,5.0,137.6,5.0,116.2,5.0,,,52.0,1.0,,,48.0,3.0,,
217,Germany_Baseload#19#0#10000106,2021-10-26 07:11:37.547000,124.5,1.0,125.0,2.0,123.55,1.0,125.2,10.0,122.75,1.0,126.0,1.0,122.65,1.0,126.5,1.0,122.5,2.0,126.75,1.0,121.5,1.0,126.9,5.0,121.0,5.0,137.4,5.0,116.2,5.0,,,52.0,1.0,,,48.0,3.0,,
218,Germany_Baseload#19#0#10000106,2021-10-26 07:11:42.794000,124.5,1.0,125.0,2.0,123.55,1.0,125.2,10.0,122.75,1.0,126.0,1.0,122.65,1.0,126.5,1.0,122.5,2.0,126.75,1.0,121.5,1.0,126.9,5.0,121.0,5.0,130.8,5.0,116.2,5.0,,,52.0,1.0,,,48.0,3.0,,
219,Germany_Baseload#19#0#10000106,2021-10-26 07:11:42.700000,124.5,1.0,125.0,2.0,123.55,1.0,125.2,10.0,122.75,1.0,126.0,1.0,122.65,1.0,126.5,1.0,122.5,2.0,126.75,1.0,121.5,1.0,126.9,5.0,121.0,5.0,,,116.2,5.0,,,52.0,1.0,,,48.0,3.0,,
220,Germany_Baseload#19#0#10000106,2021-10-26 07:11:42.844000,124.5,1.0,125.0,2.0,123.55,1.0,125.2,10.0,122.75,1.0,126.0,1.0,122.65,1.0,126.5,1.0,122.5,2.0,126.75,1.0,121.5,1.0,126.9,5.0,121.0,5.0,130.8,5.0,116.4,5.0,,,52.0,1.0,,,48.0,3.0,,
221,Germany_Baseload#19#0#10000106,2021-10-26 07:11:44.375000,124.5,1.0,125.0,2.0,123.55,1.0,125.2,10.0,122.75,1.0,126.0,1.0,122.65,1.0,126.5,1.0,122.5,2.0,126.75,1.0,121.5,1.0,126.9,5.0,121.0,5.0,137.6,5.0,116.4,5.0,,,52.0,1.0,,,48.0,3.0,,
222,Germany_Baseload#19#0#10000106,2021-10-26 07:11:47.905000,124.5,1.0,125.0,2.0,123.55,1.0,125.2,10.0,122.75,1.0,126.0,1.0,122.65,1.0,126.75,1.0,122.5,2.0,126.9,5.0,121.5,1.0,137.6,5.0,121.0,5.0,,,116.4,5.0,,,52.0,1.0,,,48.0,3.0,,
223,Germany_Baseload#19#0#10000106,2021-10-26 07:11:51.429000,124.5,1.0,125.0,2.0,123.55,1.0,125.2,10.0,122.75,1.0,126.0,1.0,122.65,1.0,126.75,1.0,122.5,2.0,126.9,5.0,121.5,1.0,130.8,5.0,121.0,5.0,,,116.4,5.0,,,52.0,1.0,,,48.0,3.0,,
224,Germany_Baseload#19#0#10000106,2021-10-26 07:11:55.645000,124.5,1.0,125.0,2.0,123.55,1.0,125.2,10.0,122.75,1.0,126.0,1.0,122.65,1.0,126.75,1.0,122.5,2.0,126.9,5.0,121.5,1.0,130.8,5.0,121.0,5.0,,,52.0,1.0,,,48.0,3.0,,,,,,
225,Germany_Baseload#19#0#10000106,2021-10-26 07:11:55.906000,124.5,1.0,125.0,2.0,123.55,1.0,125.2,10.0,122.75,1.0,126.0,1.0,122.65,1.0,126.75,1.0,122.5,2.0,126.9,5.0,121.5,1.0,130.8,5.0,121.0,5.0,,,116.4,5.0,,,52.0,1.0,,,48.0,3.0,,
226,Germany_Baseload#19#0#10000106,2021-10-26 07:11:59.443000,123.55,2.0,125.0,2.0,122.75,1.0,125.2,10.0,122.65,1.0,126.0,1.0,122.5,2.0,126.75,1.0,121.5,1.0,126.9,5.0,121.0,5.0,130.8,5.0,116.4,5.0,,,52.0,1.0,,,48.0,3.0,,,,,,
227,Germany_Baseload#19#0#10000106,2021-10-26 07:12:00.718000,123.55,2.0,125.0,2.0,122.75,1.0,125.2,10.0,122.65,1.0,126.0,1.0,122.5,2.0,126.75,1.0,121.5,1.0,126.9,5.0,121.0,5.0,130.8,5.0,52.0,1.0,,,48.0,3.0,,,,,,,,,,
228,Germany_Baseload#19#0#10000106,2021-10-26 07:12:00.899000,123.55,2.0,125.0,2.0,122.75,1.0,125.2,10.0,122.65,1.0,126.0,1.0,122.5,2.0,126.75,1.0,121.5,1.0,126.9,5.0,121.0,5.0,130.8,5.0,116.4,5.0,,,52.0,1.0,,,48.0,3.0,,,,,,
229,Germany_Baseload#19#0#10000106,2021-10-26 07:12:13.305000,123.55,1.0,125.0,2.0,122.75,1.0,125.2,10.0,122.65,1.0,126.0,1.0,122.5,2.0,126.75,1.0,121.5,1.0,126.9,5.0,121.0,5.0,130.8,5.0,116.4,5.0,,,52.0,1.0,,,48.0,3.0,,,,,,
230,Germany_Baseload#19#0#10000106,2021-10-26 07:12:13.378000,123.6,1.0,125.0,2.0,123.55,1.0,125.2,10.0,122.75,1.0,126.0,1.0,122.65,1.0,126.75,1.0,122.5,2.0,126.9,5.0,121.5,1.0,130.8,5.0,121.0,5.0,,,116.4,5.0,,,52.0,1.0,,,48.0,3.0,,
231,Germany_Baseload#19#0#10000106,2021-10-26 07:12:28.885000,123.6,1.0,125.0,2.0,123.55,1.0,125.2,10.0,122.75,1.0,126.0,1.0,122.65,1.0,126.75,1.0,122.5,2.0,126.9,5.0,121.5,1.0,131.0,5.0,121.0,5.0,,,116.4,5.0,,,52.0,1.0,,,48.0,3.0,,
232,Germany_Baseload#19#0#10000106,2021-10-26 07:12:28.934000,123.6,1.0,125.0,2.0,123.55,1.0,125.2,10.0,122.75,1.0,126.0,1.0,122.65,1.0,126.75,1.0,122.5,2.0,126.9,5.0,121.5,1.0,131.0,5.0,121.0,5.0,,,116.6,5.0,,,52.0,1.0,,,48.0,3.0,,
233,Germany_Baseload#19#0#10000106,2021-10-26 07:12:31.115000,123.6,1.0,125.0,2.0,123.55,1.0,125.2,10.0,122.75,1.0,126.0,1.0,122.65,1.0,126.75,1.0,122.5,2.0,126.9,5.0,121.5,1.0,131.0,5.0,121.0,5.0,,,115.8,5.0,,,52.0,1.0,,,48.0,3.0,,
234,Germany_Baseload#19#0#10000106,2021-10-26 07:12:31.855000,123.6,1.0,125.0,2.0,123.55,1.0,125.2,10.0,122.75,1.0,126.0,1.0,122.65,1.0,126.75,1.0,122.5,2.0,126.9,5.0,121.5,1.0,,,121.0,5.0,,,115.8,5.0,,,52.0,1.0,,,48.0,3.0,,
235,Germany_Baseload#19#0#10000106,2021-10-26 07:12:32.116000,123.6,1.0,125.0,2.0,123.55,1.0,125.2,10.0,122.75,1.0,126.0,1.0,122.65,1.0,126.75,1.0,122.5,2.0,126.9,5.0,121.5,1.0,131.0,5.0,121.0,5.0,,,115.8,5.0,,,52.0,1.0,,,48.0,3.0,,
236,Germany_Baseload#19#0#10000106,2021-10-26 07:12:40.276000,123.6,1.0,125.0,2.0,123.55,1.0,125.2,10.0,122.75,1.0,126.0,1.0,122.65,1.0,126.75,1.0,122.5,2.0,126.9,5.0,121.5,1.0,131.2,5.0,121.0,5.0,,,115.8,5.0,,,52.0,1.0,,,48.0,3.0,,
237,Germany_Baseload#19#0#10000106,2021-10-26 07:12:45.970000,123.6,1.0,125.0,2.0,123.55,1.0,125.2,10.0,122.75,1.0,126.0,1.0,122.65,1.0,126.75,1.0,122.5,2.0,126.9,5.0,121.5,1.0,131.2,5.0,121.0,5.0,,,116.6,5.0,,,115.8,5.0,,,52.0,1.0,,
238,Germany_Baseload#19#0#10000106,2021-10-26 07:12:45.971000,123.6,1.0,125.0,2.0,123.55,1.0,125.2,10.0,122.75,1.0,126.0,1.0,122.65,1.0,126.75,1.0,122.5,2.0,126.9,5.0,121.5,1.0,131.2,5.0,121.0,5.0,,,116.6,5.0,,,52.0,1.0,,,48.0,3.0,,
239,Germany_Baseload#19#0#10000106,2021-10-26 07:12:48.827000,123.6,1.0,125.0,1.0,123.55,1.0,125.2,10.0,122.75,1.0,125.25,1.0,122.65,1.0,126.0,1.0,122.5,2.0,126.75,1.0,121.5,1.0,126.9,5.0,121.0,5.0,131.2,5.0,116.6,5.0,,,52.0,1.0,,,48.0,3.0,,
240,Germany_Baseload#19#0#10000106,2021-10-26 07:12:50.350000,123.6,1.0,125.0,1.0,123.55,1.0,125.2,10.0,122.75,1.0,125.25,1.0,122.65,1.0,126.0,1.0,122.5,2.0,126.75,1.0,121.5,1.0,126.9,5.0,121.0,5.0,131.2,5.0,116.8,5.0,,,116.6,5.0,,,52.0,1.0,,
241,Germany_Baseload#19#0#10000106,2021-10-26 07:12:50.351000,123.6,1.0,125.0,1.0,123.55,1.0,125.2,10.0,122.75,1.0,125.25,1.0,122.65,1.0,126.0,1.0,122.5,2.0,126.75,1.0,121.5,1.0,126.9,5.0,121.0,5.0,131.2,5.0,116.8,5.0,,,52.0,1.0,,,48.0,3.0,,
242,Germany_Baseload#19#0#10000106,2021-10-26 07:13:04.611000,123.6,1.0,125.0,1.0,123.55,1.0,125.2,10.0,122.75,1.0,125.25,1.0,122.65,1.0,126.0,1.0,122.5,2.0,126.75,1.0,121.5,1.0,126.9,5.0,121.0,5.0,131.4,5.0,116.8,5.0,,,52.0,1.0,,,48.0,3.0,,
243,Germany_Baseload#19#0#10000106,2021-10-26 07:13:34.159000,123.6,1.0,125.0,1.0,123.55,1.0,125.2,10.0,122.75,1.0,125.25,1.0,122.65,1.0,126.0,1.0,122.5,2.0,126.75,1.0,121.5,1.0,126.9,5.0,121.0,5.0,131.2,5.0,116.8,5.0,,,52.0,1.0,,,48.0,3.0,,
244,Germany_Baseload#19#0#10000106,2021-10-26 07:13:38.192000,123.6,1.0,125.0,1.0,123.55,1.0,125.2,10.0,122.75,1.0,125.25,1.0,122.65,1.0,126.0,1.0,122.5,2.0,126.75,1.0,121.5,1.0,126.9,5.0,121.0,5.0,131.4,5.0,116.8,5.0,,,52.0,1.0,,,48.0,3.0,,
245,Germany_Baseload#19#0#10000106,2021-10-26 07:13:53.675000,123.6,1.0,125.0,1.0,123.55,1.0,125.2,10.0,122.75,1.0,125.25,1.0,122.65,1.0,126.0,1.0,122.5,2.0,126.75,1.0,121.5,1.0,126.9,5.0,121.0,5.0,131.4,5.0,117.0,5.0,,,52.0,1.0,,,48.0,3.0,,
246,Germany_Baseload#19#0#10000106,2021-10-26 07:14:10.233000,123.6,1.0,125.0,1.0,123.55,1.0,125.2,10.0,122.75,1.0,125.25,1.0,122.65,1.0,126.0,1.0,122.5,2.0,126.75,1.0,121.5,1.0,126.9,5.0,121.0,5.0,131.4,5.0,115.8,5.0,,,52.0,1.0,,,48.0,3.0,,
247,Germany_Baseload#19#0#10000106,2021-10-26 07:14:10.235000,123.6,1.0,125.0,1.0,123.55,1.0,125.2,10.0,122.75,1.0,125.25,1.0,122.65,1.0,126.0,1.0,122.5,2.0,126.75,1.0,121.5,1.0,126.9,5.0,121.0,5.0,131.6,5.0,115.8,5.0,,,52.0,1.0,,,48.0,3.0,,
248,Germany_Baseload#19#0#10000106,2021-10-26 07:14:10.422000,123.6,1.0,125.0,1.0,123.55,1.0,125.2,10.0,122.75,1.0,125.25,1.0,122.65,1.0,126.0,1.0,122.5,2.0,126.75,1.0,121.5,1.0,126.9,5.0,121.0,5.0,,,115.8,5.0,,,52.0,1.0,,,48.0,3.0,,
249,Germany_Baseload#19#0#10000106,2021-10-26 07:14:10.551000,123.6,1.0,125.0,1.0,123.55,1.0,125.2,10.0,122.75,1.0,125.25,1.0,122.65,1.0,126.0,1.0,122.5,2.0,126.75,1.0,121.5,1.0,126.9,5.0,121.0,5.0,131.6,5.0,115.8,5.0,,,52.0,1.0,,,48.0,3.0,,
250,Germany_Baseload#19#0#10000106,2021-10-26 07:14:15.195000,123.6,1.0,125.0,1.0,123.55,1.0,125.2,10.0,122.75,1.0,125.25,1.0,122.65,1.0,126.0,1.0,122.5,2.0,126.75,1.0,121.5,1.0,126.9,5.0,121.0,5.0,,,115.8,5.0,,,52.0,1.0,,,48.0,3.0,,
251,Germany_Baseload#19#0#10000106,2021-10-26 07:14:15.451000,123.6,1.0,125.0,1.0,123.55,1.0,125.2,10.0,122.75,1.0,125.25,1.0,122.65,1.0,126.0,1.0,122.5,2.0,126.75,1.0,121.5,1.0,126.9,5.0,121.0,5.0,131.6,5.0,115.8,5.0,,,52.0,1.0,,,48.0,3.0,,
252,Germany_Baseload#19#0#10000106,2021-10-26 07:14:16.461000,123.6,1.0,125.0,1.0,123.55,1.0,125.2,10.0,122.75,1.0,125.25,1.0,122.65,1.0,126.0,1.0,122.5,2.0,126.75,1.0,121.5,1.0,126.9,5.0,121.0,5.0,131.6,5.0,117.2,5.0,,,52.0,1.0,,,48.0,3.0,,
253,Germany_Baseload#19#0#10000106,2021-10-26 07:14:17.424000,123.6,1.0,125.0,1.0,123.55,1.0,125.2,10.0,122.75,1.0,125.25,1.0,122.65,1.0,126.0,1.0,122.5,2.0,126.75,1.0,121.5,1.0,126.9,5.0,121.0,5.0,131.6,5.0,115.8,5.0,,,52.0,1.0,,,48.0,3.0,,
254,Germany_Baseload#19#0#10000106,2021-10-26 07:14:22.561000,123.6,1.0,125.0,1.0,123.55,1.0,125.2,10.0,122.75,1.0,125.25,1.0,122.65,1.0,126.0,1.0,122.5,2.0,126.75,1.0,121.5,1.0,126.9,5.0,121.0,5.0,,,115.8,5.0,,,52.0,1.0,,,48.0,3.0,,
255,Germany_Baseload#19#0#10000106,2021-10-26 07:14:24.920000,123.6,1.0,125.0,1.0,123.55,1.0,125.2,10.0,122.75,1.0,125.25,1.0,122.65,1.0,126.0,1.0,122.5,2.0,126.75,1.0,121.5,1.0,126.9,5.0,121.0,5.0,,,117.0,5.0,,,52.0,1.0,,,48.0,3.0,,
256,Germany_Baseload#19#0#10000106,2021-10-26 07:14:28.667000,123.6,1.0,125.0,1.0,123.55,1.0,125.2,10.0,122.75,1.0,125.25,1.0,122.65,1.0,126.0,1.0,122.5,2.0,126.75,1.0,121.5,1.0,126.9,5.0,121.0,5.0,131.6,5.0,117.0,5.0,,,52.0,1.0,,,48.0,3.0,,
257,Germany_Baseload#19#0#10000106,2021-10-26 07:14:29.309000,123.6,1.0,125.0,1.0,123.55,1.0,125.2,10.0,122.75,1.0,125.25,1.0,122.65,1.0,126.0,1.0,122.5,2.0,126.75,1.0,121.5,1.0,126.9,5.0,121.0,5.0,131.6,5.0,117.2,5.0,,,117.0,5.0,,,52.0,1.0,,
258,Germany_Baseload#19#0#10000106,2021-10-26 07:14:29.310000,123.6,1.0,125.0,1.0,123.55,1.0,125.2,10.0,122.75,1.0,125.25,1.0,122.65,1.0,126.0,1.0,122.5,2.0,126.75,1.0,121.5,1.0,126.9,5.0,121.0,5.0,131.6,5.0,117.2,5.0,,,52.0,1.0,,,48.0,3.0,,
259,Germany_Baseload#19#0#10000106,2021-10-26 07:14:29.403000,123.6,1.0,124.85,1.0,123.55,1.0,125.0,1.0,122.75,1.0,125.2,10.0,122.65,1.0,125.25,1.0,122.5,2.0,126.0,1.0,121.5,1.0,126.75,1.0,121.0,5.0,126.9,5.0,117.2,5.0,131.6,5.0,52.0,1.0,,,48.0,3.0,,
260,Germany_Baseload#19#0#10000106,2021-10-26 07:14:29.435000,123.6,1.0,124.85,1.0,123.55,1.0,124.88,2.0,122.75,1.0,125.0,1.0,122.65,1.0,125.2,10.0,122.5,2.0,125.25,1.0,121.5,1.0,126.0,1.0,121.0,5.0,126.75,1.0,117.2,5.0,126.9,5.0,52.0,1.0,131.6,5.0,48.0,3.0,,
261,Germany_Baseload#19#0#10000106,2021-10-26 07:14:29.485000,123.6,1.0,124.85,1.0,123.55,1.0,124.88,2.0,122.75,1.0,125.0,1.0,122.65,1.0,125.2,10.0,122.5,2.0,125.25,1.0,121.5,1.0,126.0,1.0,121.0,5.0,126.75,1.0,117.2,5.0,126.9,5.0,52.0,1.0,,,48.0,3.0,,
262,Germany_Baseload#19#0#10000106,2021-10-26 07:14:31.508000,123.6,1.0,124.85,1.0,123.55,1.0,124.88,2.0,122.75,1.0,125.0,1.0,122.65,1.0,125.2,10.0,122.5,2.0,125.25,1.0,121.5,1.0,126.0,1.0,121.0,5.0,126.75,1.0,115.8,5.0,126.9,5.0,52.0,1.0,,,48.0,3.0,,
263,Germany_Baseload#19#0#10000106,2021-10-26 07:14:37.507000,123.6,1.0,124.85,1.0,123.55,1.0,124.88,2.0,122.75,1.0,125.0,1.0,122.65,1.0,125.2,10.0,122.5,2.0,125.25,1.0,121.5,1.0,126.0,1.0,121.0,5.0,126.75,1.0,115.8,5.0,126.9,5.0,52.0,1.0,131.6,5.0,48.0,3.0,,
264,Germany_Baseload#19#0#10000106,2021-10-26 07:14:38.135000,123.6,1.0,124.85,1.0,123.55,1.0,124.88,2.0,122.75,1.0,125.0,1.0,122.65,1.0,125.2,10.0,122.5,2.0,125.25,1.0,121.5,1.0,126.0,1.0,121.0,5.0,126.75,1.0,117.2,5.0,126.9,5.0,115.8,5.0,131.6,5.0,52.0,1.0,,
265,Germany_Baseload#19#0#10000106,2021-10-26 07:14:38.136000,123.6,1.0,124.85,1.0,123.55,1.0,124.88,2.0,122.75,1.0,125.0,1.0,122.65,1.0,125.2,10.0,122.5,2.0,125.25,1.0,121.5,1.0,126.0,1.0,121.0,5.0,126.75,1.0,117.2,5.0,126.9,5.0,52.0,1.0,131.6,5.0,48.0,3.0,,
266,Germany_Baseload#19#0#10000106,2021-10-26 07:14:42.154000,123.6,1.0,124.85,1.0,123.55,1.0,124.88,2.0,122.75,1.0,125.0,1.0,122.65,1.0,125.2,10.0,122.5,2.0,125.25,1.0,121.5,1.0,126.0,1.0,121.0,5.0,126.75,1.0,117.2,5.0,126.9,5.0,52.0,1.0,,,48.0,3.0,,
267,Germany_Baseload#19#0#10000106,2021-10-26 07:14:42.334000,123.6,1.0,124.85,1.0,123.55,1.0,124.88,2.0,122.75,1.0,125.0,1.0,122.65,1.0,125.2,10.0,122.5,2.0,125.25,1.0,121.5,1.0,126.0,1.0,121.0,5.0,126.75,1.0,117.2,5.0,126.9,5.0,117.0,5.0,,,52.0,1.0,,
268,Germany_Baseload#19#0#10000106,2021-10-26 07:14:42.335000,123.6,1.0,124.85,1.0,123.55,1.0,124.88,2.0,122.75,1.0,125.0,1.0,122.65,1.0,125.2,10.0,122.5,2.0,125.25,1.0,121.5,1.0,126.0,1.0,121.0,5.0,126.75,1.0,117.0,5.0,126.9,5.0,52.0,1.0,,,48.0,3.0,,
269,Germany_Baseload#19#0#10000106,2021-10-26 07:14:43.356000,123.6,1.0,124.85,1.0,123.55,1.0,124.88,2.0,122.75,1.0,125.0,1.0,122.65,1.0,125.2,10.0,122.5,2.0,125.25,1.0,121.5,1.0,126.0,1.0,121.0,5.0,126.75,1.0,117.2,5.0,126.9,5.0,52.0,1.0,,,48.0,3.0,,
270,Germany_Baseload#19#0#10000106,2021-10-26 07:14:46.325000,123.6,1.0,124.85,1.0,123.55,1.0,124.88,2.0,122.75,1.0,125.0,1.0,122.65,1.0,125.2,10.0,122.5,2.0,125.25,1.0,121.5,1.0,126.0,1.0,121.0,5.0,126.75,1.0,117.2,5.0,126.9,5.0,52.0,1.0,131.6,5.0,48.0,3.0,,
271,Germany_Baseload#19#0#10000106,2021-10-26 07:14:47.049000,123.6,1.0,124.85,1.0,123.55,1.0,124.88,2.0,122.75,1.0,125.0,1.0,122.65,1.0,125.2,10.0,122.5,2.0,125.25,1.0,121.5,1.0,126.0,1.0,121.0,5.0,126.75,1.0,117.2,5.0,126.9,5.0,52.0,1.0,,,48.0,3.0,,
272,Germany_Baseload#19#0#10000106,2021-10-26 07:14:47.068000,123.6,1.0,124.85,1.0,123.55,1.0,124.88,2.0,122.75,1.0,125.0,1.0,122.65,1.0,125.2,10.0,122.5,2.0,125.25,1.0,121.5,1.0,126.0,1.0,121.0,5.0,126.75,1.0,115.8,5.0,126.9,5.0,52.0,1.0,,,48.0,3.0,,
273,Germany_Baseload#19#0#10000106,2021-10-26 07:14:52.138000,123.6,1.0,124.85,1.0,123.55,1.0,124.88,2.0,122.75,1.0,125.0,1.0,122.65,1.0,125.2,10.0,122.5,2.0,125.25,1.0,121.5,1.0,126.0,1.0,121.0,5.0,126.75,1.0,117.0,5.0,126.9,5.0,52.0,1.0,,,48.0,3.0,,
274,Germany_Baseload#19#0#10000106,2021-10-26 07:15:00.782000,123.6,1.0,124.85,1.0,123.55,1.0,124.88,2.0,122.75,1.0,125.0,1.0,122.65,1.0,125.2,10.0,122.5,2.0,125.25,1.0,121.5,1.0,126.0,1.0,121.0,5.0,126.75,1.0,117.0,5.0,126.9,5.0,52.0,1.0,131.4,5.0,48.0,3.0,,
275,Germany_Baseload#19#0#10000106,2021-10-26 07:15:13.677000,123.6,1.0,124.85,1.0,123.55,1.0,124.88,2.0,122.75,1.0,125.0,1.0,122.65,1.0,125.2,10.0,122.5,2.0,125.25,1.0,121.5,1.0,126.0,1.0,121.0,5.0,126.75,1.0,117.0,5.0,126.9,5.0,52.0,1.0,,,48.0,3.0,,
276,Germany_Baseload#19#0#10000106,2021-10-26 07:15:30.775000,123.6,1.0,124.85,1.0,123.55,1.0,124.88,2.0,122.75,1.0,125.0,1.0,122.65,1.0,125.2,10.0,122.5,2.0,125.25,1.0,121.5,1.0,126.0,1.0,121.0,5.0,126.75,1.0,117.0,5.0,126.9,5.0,52.0,1.0,131.4,5.0,48.0,3.0,,
277,Germany_Baseload#19#0#10000106,2021-10-26 07:15:41.248000,123.6,1.0,124.85,1.0,123.55,1.0,124.88,2.0,122.75,1.0,125.0,1.0,122.65,1.0,125.2,10.0,122.5,2.0,125.25,1.0,121.5,1.0,126.0,1.0,121.0,5.0,126.75,1.0,117.0,5.0,126.9,5.0,52.0,1.0,,,48.0,3.0,,
278,Germany_Baseload#19#0#10000106,2021-10-26 07:15:49.871000,123.6,1.0,124.85,1.0,123.55,1.0,124.88,2.0,122.75,1.0,125.0,6.0,122.65,1.0,125.2,10.0,122.5,2.0,125.25,1.0,121.5,1.0,126.0,1.0,121.0,5.0,126.75,1.0,117.0,5.0,126.9,5.0,52.0,1.0,,,48.0,3.0,,
279,Germany_Baseload#19#0#10000106,2021-10-26 07:15:50.132000,123.6,1.0,124.85,1.0,123.55,1.0,124.88,2.0,122.75,1.0,125.0,6.0,122.65,1.0,125.2,10.0,122.5,2.0,125.25,1.0,121.5,1.0,126.0,1.0,121.0,5.0,126.75,1.0,116.8,5.0,126.9,5.0,52.0,1.0,,,48.0,3.0,,
280,Germany_Baseload#19#0#10000106,2021-10-26 07:15:53.345000,123.6,1.0,124.85,1.0,123.55,1.0,124.88,2.0,122.75,1.0,125.0,6.0,122.65,1.0,125.2,10.0,122.5,2.0,125.25,1.0,121.5,1.0,126.0,1.0,121.0,5.0,126.75,1.0,117.0,5.0,126.9,5.0,52.0,1.0,,,48.0,3.0,,
281,Germany_Baseload#19#0#10000106,2021-10-26 07:15:57.377000,123.6,1.0,124.85,1.0,123.55,1.0,124.88,2.0,122.75,1.0,125.0,6.0,122.65,1.0,125.2,10.0,122.5,2.0,125.25,1.0,121.5,1.0,126.0,1.0,121.0,5.0,126.75,1.0,116.8,5.0,126.9,5.0,52.0,1.0,,,48.0,3.0,,
282,Germany_Baseload#19#0#10000106,2021-10-26 07:16:02.580000,123.6,1.0,124.85,1.0,123.55,1.0,124.88,2.0,122.75,1.0,125.0,6.0,122.65,1.0,125.2,10.0,122.5,2.0,125.25,1.0,121.5,1.0,126.0,1.0,121.0,5.0,126.75,1.0,116.8,5.0,126.9,5.0,52.0,1.0,131.2,5.0,48.0,3.0,,
283,Germany_Baseload#19#0#10000106,2021-10-26 07:16:33.984000,123.6,1.0,124.85,1.0,123.55,1.0,124.88,2.0,122.75,1.0,125.0,6.0,122.65,1.0,125.2,10.0,122.5,2.0,125.25,1.0,121.5,1.0,126.0,1.0,121.0,5.0,126.75,1.0,116.6,5.0,126.9,5.0,52.0,1.0,131.2,5.0,48.0,3.0,,
284,Germany_Baseload#19#0#10000106,2021-10-26 07:16:37.741000,123.6,1.0,124.85,1.0,123.55,1.0,124.88,2.0,122.75,1.0,125.0,6.0,122.65,1.0,125.2,10.0,122.5,2.0,125.25,1.0,121.5,1.0,126.0,1.0,121.0,5.0,126.75,1.0,116.6,5.0,126.9,5.0,52.0,1.0,131.0,5.0,48.0,3.0,,
285,Germany_Baseload#19#0#10000106,2021-10-26 07:16:41.781000,123.6,1.0,124.85,1.0,123.55,1.0,124.88,2.0,122.75,1.0,125.0,6.0,122.65,1.0,125.2,10.0,122.5,2.0,125.25,1.0,121.5,1.0,126.0,1.0,121.0,5.0,126.75,1.0,116.6,5.0,126.9,5.0,52.0,1.0,131.2,5.0,48.0,3.0,,
286,Germany_Baseload#19#0#10000106,2021-10-26 07:16:47.094000,123.6,1.0,124.85,1.0,123.55,1.0,124.88,2.0,122.75,1.0,125.0,6.0,122.65,1.0,125.2,10.0,122.5,2.0,125.25,1.0,121.5,1.0,126.0,1.0,121.0,5.0,126.75,1.0,116.6,5.0,126.9,5.0,52.0,1.0,131.2,5.0,48.0,3.0,,
287,Germany_Baseload#19#0#10000106,2021-10-26 07:16:50.204000,123.6,1.0,124.85,1.0,123.55,1.0,124.88,2.0,122.75,1.0,125.0,6.0,122.65,1.0,125.2,10.0,122.5,2.0,125.25,1.0,121.5,1.0,126.0,1.0,121.0,5.0,126.75,1.0,116.6,5.0,126.9,5.0,52.0,1.0,131.0,5.0,48.0,3.0,,
288,Germany_Baseload#19#0#10000106,2021-10-26 07:16:50.618000,123.6,1.0,124.85,1.0,123.55,1.0,124.88,2.0,122.75,1.0,125.0,6.0,122.65,1.0,125.2,10.0,122.5,2.0,125.25,1.0,121.5,1.0,126.0,1.0,121.0,5.0,126.75,1.0,116.6,5.0,126.9,5.0,52.0,1.0,,,48.0,3.0,,
289,Germany_Baseload#19#0#10000106,2021-10-26 07:16:50.807000,123.6,1.0,124.85,1.0,123.55,1.0,124.88,2.0,122.75,1.0,125.0,6.0,122.65,1.0,125.2,10.0,122.5,2.0,125.25,1.0,121.5,1.0,126.0,1.0,121.0,5.0,126.75,1.0,116.6,5.0,126.9,5.0,52.0,1.0,131.0,5.0,48.0,3.0,,
290,Germany_Baseload#19#0#10000106,2021-10-26 07:16:51.762000,123.85,1.0,124.85,1.0,123.55,1.0,124.88,2.0,122.75,1.0,125.0,6.0,122.65,1.0,125.2,10.0,122.5,2.0,125.25,1.0,121.5,1.0,126.0,1.0,121.0,5.0,126.75,1.0,116.6,5.0,126.9,5.0,52.0,1.0,131.0,5.0,48.0,3.0,,
291,Germany_Baseload#19#0#10000106,2021-10-26 07:16:59.911000,123.85,1.0,124.85,1.0,123.55,1.0,124.88,2.0,122.75,1.0,125.0,6.0,122.65,1.0,125.2,10.0,122.5,2.0,125.25,1.0,121.5,1.0,126.0,1.0,121.0,5.0,126.75,1.0,116.6,5.0,126.9,5.0,52.0,1.0,,,48.0,3.0,,
292,Germany_Baseload#19#0#10000106,2021-10-26 07:17:03.698000,123.85,1.0,124.85,1.0,123.55,1.0,124.88,2.0,122.75,1.0,125.0,6.0,122.65,1.0,125.2,10.0,122.5,2.0,125.25,1.0,121.5,1.0,126.0,1.0,121.0,5.0,126.75,1.0,116.6,5.0,126.9,5.0,52.0,1.0,135.2,5.0,48.0,3.0,,
293,Germany_Baseload#19#0#10000106,2021-10-26 07:17:04.148000,123.85,1.0,124.85,1.0,123.55,1.0,124.88,2.0,122.75,1.0,125.0,6.0,122.65,1.0,125.2,10.0,122.5,2.0,125.25,1.0,121.5,1.0,126.0,1.0,121.0,5.0,126.75,1.0,116.6,5.0,126.9,5.0,52.0,1.0,131.0,5.0,48.0,3.0,,
294,Germany_Baseload#19#0#10000106,2021-10-26 07:17:08.962000,123.85,1.0,124.85,1.0,123.55,1.0,124.88,2.0,122.75,1.0,125.0,6.0,122.65,1.0,125.2,10.0,122.5,2.0,125.25,1.0,121.5,1.0,126.0,1.0,121.0,5.0,126.75,1.0,116.6,5.0,126.9,5.0,52.0,1.0,131.2,5.0,48.0,3.0,,
295,Germany_Baseload#19#0#10000106,2021-10-26 07:17:09.306000,123.75,1.0,124.85,1.0,123.55,1.0,124.88,2.0,122.75,1.0,125.0,6.0,122.65,1.0,125.2,10.0,122.5,2.0,125.25,1.0,121.5,1.0,126.0,1.0,121.0,5.0,126.75,1.0,116.6,5.0,126.9,5.0,52.0,1.0,131.2,5.0,48.0,3.0,,
296,Germany_Baseload#19#0#10000106,2021-10-26 07:17:09.310000,123.75,1.0,124.85,1.0,123.55,1.0,124.88,2.0,122.75,1.0,125.0,6.0,122.65,1.0,125.2,10.0,122.5,2.0,125.25,1.0,121.5,1.0,126.0,1.0,121.0,5.0,126.75,1.0,116.8,5.0,126.9,5.0,116.6,5.0,131.2,5.0,52.0,1.0,,
297,Germany_Baseload#19#0#10000106,2021-10-26 07:17:09.311000,123.75,1.0,124.85,1.0,123.55,1.0,124.88,2.0,122.75,1.0,125.0,6.0,122.65,1.0,125.2,10.0,122.5,2.0,125.25,1.0,121.5,1.0,126.0,1.0,121.0,5.0,126.75,1.0,116.8,5.0,126.9,5.0,52.0,1.0,131.2,5.0,48.0,3.0,,
298,Germany_Baseload#19#0#10000106,2021-10-26 07:17:32.909000,123.75,1.0,124.88,2.0,123.55,1.0,125.0,6.0,122.75,1.0,125.2,10.0,122.65,1.0,125.25,1.0,122.5,2.0,126.0,1.0,121.5,1.0,126.75,1.0,121.0,5.0,126.9,5.0,116.8,5.0,131.2,5.0,52.0,1.0,,,48.0,3.0,,
299,Germany_Baseload#19#0#10000106,2021-10-26 07:17:32.943000,123.75,1.0,124.88,1.0,123.55,1.0,125.0,6.0,122.75,1.0,125.2,10.0,122.65,1.0,125.25,1.0,122.5,2.0,126.0,1.0,121.5,1.0,126.75,1.0,121.0,5.0,126.9,5.0,116.8,5.0,131.2,5.0,52.0,1.0,,,48.0,3.0,,
300,Germany_Baseload#19#0#10000106,2021-10-26 07:17:32.947000,123.75,1.0,125.0,6.0,123.55,1.0,125.2,10.0,122.75,1.0,125.25,1.0,122.65,1.0,126.0,1.0,122.5,2.0,126.75,1.0,121.5,1.0,126.9,5.0,121.0,5.0,131.2,5.0,116.8,5.0,,,52.0,1.0,,,48.0,3.0,,
301,Germany_Baseload#19#0#10000106,2021-10-26 07:17:55.837000,123.75,1.0,125.0,6.0,123.55,1.0,125.2,10.0,123.0,1.0,125.25,1.0,122.65,1.0,126.0,1.0,122.5,2.0,126.75,1.0,121.5,1.0,126.9,5.0,121.0,5.0,131.2,5.0,116.8,5.0,,,52.0,1.0,,,48.0,3.0,,
302,Germany_Baseload#19#0#10000106,2021-10-26 07:17:56.808000,123.75,1.0,125.0,6.0,123.55,1.0,125.2,10.0,123.0,1.0,125.25,1.0,122.65,1.0,126.0,1.0,122.5,2.0,126.5,1.0,121.5,1.0,126.75,1.0,121.0,5.0,126.9,5.0,116.8,5.0,131.2,5.0,52.0,1.0,,,48.0,3.0,,
303,Germany_Baseload#19#0#10000106,2021-10-26 07:18:09.158000,123.8,1.0,125.0,6.0,123.75,1.0,125.2,10.0,123.55,1.0,125.25,1.0,123.0,1.0,126.0,1.0,122.65,1.0,126.5,1.0,122.5,2.0,126.75,1.0,121.5,1.0,126.9,5.0,121.0,5.0,131.2,5.0,116.8,5.0,,,52.0,1.0,,
304,Germany_Baseload#19#0#10000106,2021-10-26 07:18:09.252000,123.8,2.0,125.0,6.0,123.55,1.0,125.2,10.0,123.0,1.0,125.25,1.0,122.65,1.0,126.0,1.0,122.5,2.0,126.5,1.0,121.5,1.0,126.75,1.0,121.0,5.0,126.9,5.0,116.8,5.0,131.2,5.0,52.0,1.0,,,48.0,3.0,,
305,Germany_Baseload#19#0#10000106,2021-10-26 07:18:21.914000,124.5,1.0,125.0,6.0,123.8,2.0,125.2,10.0,123.55,1.0,125.25,1.0,123.0,1.0,126.0,1.0,122.65,1.0,126.5,1.0,122.5,2.0,126.75,1.0,121.5,1.0,126.9,5.0,121.0,5.0,131.2,5.0,116.8,5.0,,,52.0,1.0,,
306,Germany_Baseload#19#0#10000106,2021-10-26 07:18:40.418000,124.5,1.0,125.0,6.0,123.8,2.0,125.2,10.0,123.55,1.0,125.25,1.0,123.0,1.0,126.0,1.0,122.65,1.0,126.5,1.0,122.5,2.0,126.75,1.0,121.5,1.0,126.9,5.0,121.0,5.0,,,116.6,5.0,,,52.0,1.0,,
307,Germany_Baseload#19#0#10000106,2021-10-26 07:18:40.451000,124.5,1.0,125.0,6.0,123.8,2.0,125.2,10.0,123.55,1.0,125.25,1.0,123.0,1.0,126.0,1.0,122.65,1.0,126.5,1.0,122.5,2.0,126.75,1.0,121.5,1.0,126.9,5.0,121.0,5.0,,,116.8,5.0,,,52.0,1.0,,
308,Germany_Baseload#19#0#10000106,2021-10-26 07:18:40.708000,124.5,1.0,125.0,6.0,123.8,2.0,125.2,10.0,123.55,1.0,125.25,1.0,123.0,1.0,126.0,1.0,122.65,1.0,126.5,1.0,122.5,2.0,126.75,1.0,121.5,1.0,126.9,5.0,121.0,5.0,131.2,5.0,116.6,5.0,,,52.0,1.0,,
309,Germany_Baseload#19#0#10000106,2021-10-26 07:18:40.874000,124.5,1.0,125.0,6.0,123.8,2.0,125.2,10.0,123.55,1.0,125.25,1.0,123.0,1.0,126.0,1.0,122.65,1.0,126.5,1.0,122.5,2.0,126.75,1.0,121.5,1.0,126.9,5.0,121.0,5.0,131.0,5.0,116.6,5.0,,,52.0,1.0,,
310,Germany_Baseload#19#0#10000106,2021-10-26 07:18:46.265000,124.5,1.0,125.0,6.0,123.8,2.0,125.2,10.0,123.55,1.0,125.25,1.0,123.0,1.0,126.0,1.0,122.65,1.0,126.5,1.0,122.5,2.0,126.75,1.0,121.5,1.0,126.9,5.0,121.0,5.0,130.8,5.0,116.4,5.0,,,52.0,1.0,,
311,Germany_Baseload#19#0#10000106,2021-10-26 07:18:46.284000,124.5,1.0,125.0,6.0,123.8,2.0,125.2,10.0,123.55,1.0,125.25,1.0,123.0,1.0,126.0,1.0,122.65,1.0,126.5,1.0,122.5,2.0,126.75,1.0,121.5,1.0,126.9,5.0,121.0,5.0,131.0,5.0,116.6,5.0,,,116.4,5.0,,
312,Germany_Baseload#19#0#10000106,2021-10-26 07:18:46.285000,124.5,1.0,125.0,6.0,123.8,2.0,125.2,10.0,123.55,1.0,125.25,1.0,123.0,1.0,126.0,1.0,122.65,1.0,126.5,1.0,122.5,2.0,126.75,1.0,121.5,1.0,126.9,5.0,121.0,5.0,131.0,5.0,116.4,5.0,,,52.0,1.0,,
313,Germany_Baseload#19#0#10000106,2021-10-26 07:18:55.476000,124.5,1.0,125.0,6.0,123.8,2.0,125.2,10.0,123.55,1.0,125.25,1.0,123.0,1.0,126.0,1.0,122.65,1.0,126.5,1.0,122.5,2.0,126.75,1.0,121.0,5.0,126.9,5.0,116.4,5.0,130.8,5.0,52.0,1.0,,,48.0,3.0,,
314,Germany_Baseload#19#0#10000106,2021-10-26 07:19:13.217000,124.5,1.0,125.0,6.0,123.8,2.0,125.2,10.0,123.55,1.0,125.25,1.0,123.0,1.0,126.0,1.0,122.65,1.0,126.5,1.0,122.5,2.0,126.75,1.0,121.0,5.0,126.9,5.0,116.4,5.0,,,52.0,1.0,,,48.0,3.0,,
315,Germany_Baseload#19#0#10000106,2021-10-26 07:19:13.241000,124.5,1.0,125.0,6.0,123.8,2.0,125.2,10.0,123.55,1.0,125.25,1.0,123.0,1.0,126.0,1.0,122.65,1.0,126.5,1.0,122.5,2.0,126.75,1.0,121.0,5.0,126.9,5.0,116.2,5.0,,,52.0,1.0,,,48.0,3.0,,
316,Germany_Baseload#19#0#10000106,2021-10-26 07:19:13.421000,124.5,1.0,125.0,6.0,123.8,2.0,125.2,10.0,123.55,1.0,125.25,1.0,123.0,1.0,126.0,1.0,122.65,1.0,126.5,1.0,122.5,2.0,126.75,1.0,121.0,5.0,126.9,5.0,116.2,5.0,130.6,5.0,52.0,1.0,,,48.0,3.0,,
317,Germany_Baseload#19#0#10000106,2021-10-26 07:19:14.204000,124.5,1.0,125.0,6.0,123.8,2.0,125.2,10.0,123.55,1.0,125.25,1.0,123.0,1.0,126.0,1.0,122.65,1.0,126.5,1.0,122.5,2.0,126.75,1.0,121.0,5.0,126.9,5.0,116.2,5.0,,,52.0,1.0,,,48.0,3.0,,
318,Germany_Baseload#19#0#10000106,2021-10-26 07:19:21.815000,124.5,1.0,125.0,6.0,123.8,2.0,125.2,10.0,123.55,1.0,125.25,1.0,123.0,1.0,126.0,1.0,122.65,1.0,126.5,1.0,122.5,2.0,126.75,1.0,121.0,5.0,126.9,5.0,116.2,5.0,130.6,5.0,52.0,1.0,,,48.0,3.0,,
319,Germany_Baseload#19#0#10000106,2021-10-26 07:19:23.019000,124.5,1.0,125.0,6.0,123.8,2.0,125.2,10.0,123.55,1.0,125.25,1.0,123.0,1.0,126.0,1.0,122.65,1.0,126.5,1.0,122.5,2.0,126.75,1.0,121.0,5.0,126.9,5.0,116.2,5.0,134.6,5.0,52.0,1.0,,,48.0,3.0,,
320,Germany_Baseload#19#0#10000106,2021-10-26 07:19:40.904000,124.5,1.0,125.0,6.0,123.8,2.0,125.2,10.0,123.55,1.0,125.25,1.0,123.0,1.0,126.0,1.0,122.65,1.0,126.5,1.0,122.5,2.0,126.75,1.0,121.0,5.0,126.9,5.0,116.2,5.0,,,52.0,1.0,,,48.0,3.0,,
321,Germany_Baseload#19#0#10000106,2021-10-26 07:19:41.822000,124.5,1.0,125.0,6.0,123.8,2.0,125.2,10.0,123.55,1.0,125.25,1.0,123.0,1.0,126.0,1.0,122.65,1.0,126.5,1.0,122.5,2.0,126.75,1.0,121.0,5.0,126.9,5.0,116.2,5.0,134.6,5.0,52.0,1.0,,,48.0,3.0,,
322,Germany_Baseload#19#0#10000106,2021-10-26 07:20:18.731000,124.5,1.0,125.0,6.0,123.8,2.0,125.2,10.0,123.55,1.0,125.25,1.0,123.0,1.0,126.0,1.0,122.65,1.0,126.5,1.0,122.5,2.0,126.75,1.0,121.0,5.0,126.9,5.0,116.2,5.0,,,52.0,1.0,,,48.0,3.0,,
323,Germany_Baseload#19#0#10000106,2021-10-26 07:20:19.134000,124.5,1.0,125.0,6.0,123.8,2.0,125.2,10.0,123.55,1.0,125.25,1.0,123.0,1.0,126.0,1.0,122.65,1.0,126.5,1.0,122.5,2.0,126.75,1.0,121.0,5.0,126.9,5.0,116.2,5.0,134.6,5.0,52.0,1.0,,,48.0,3.0,,
324,Germany_Baseload#19#0#10000106,2021-10-26 07:20:29.846000,123.8,2.0,125.0,6.0,123.55,1.0,125.2,10.0,123.0,1.0,125.25,1.0,122.65,1.0,126.0,1.0,122.5,2.0,126.5,1.0,121.0,5.0,126.75,1.0,116.2,5.0,126.9,5.0,52.0,1.0,134.6,5.0,48.0,3.0,,,,,,
325,Germany_Baseload#19#0#10000106,2021-10-26 07:21:04.040000,123.8,2.0,125.0,6.0,123.55,1.0,125.2,10.0,123.0,1.0,125.25,1.0,122.65,1.0,126.0,1.0,122.5,2.0,126.5,1.0,121.0,5.0,126.75,1.0,116.2,5.0,126.9,5.0,52.0,1.0,130.6,5.0,48.0,3.0,,,,,,
326,Germany_Baseload#19#0#10000106,2021-10-26 07:21:45.800000,123.8,2.0,125.0,6.0,123.55,1.0,125.2,10.0,123.0,1.0,125.25,1.0,122.65,1.0,126.0,1.0,122.5,2.0,126.5,1.0,121.0,5.0,126.75,1.0,116.2,5.0,126.9,5.0,52.0,1.0,,,48.0,3.0,,,,,,
327,Germany_Baseload#19#0#10000106,2021-10-26 07:21:46.195000,123.8,2.0,125.0,6.0,123.55,1.0,125.2,10.0,123.0,1.0,125.25,1.0,122.65,1.0,126.0,1.0,122.5,2.0,126.5,1.0,121.0,5.0,126.75,1.0,116.4,5.0,126.9,5.0,52.0,1.0,,,48.0,3.0,,,,,,
328,Germany_Baseload#19#0#10000106,2021-10-26 07:21:47.368000,123.8,2.0,125.0,6.0,123.55,1.0,125.2,10.0,123.0,1.0,125.25,1.0,122.65,1.0,126.0,1.0,122.5,2.0,126.5,1.0,121.0,5.0,126.75,1.0,116.4,5.0,126.9,5.0,52.0,1.0,130.8,5.0,48.0,3.0,,,,,,
329,Germany_Baseload#19#0#10000106,2021-10-26 07:21:56.223000,123.8,2.0,125.0,6.0,123.55,1.0,125.2,10.0,123.0,1.0,125.25,1.0,122.65,1.0,126.0,1.0,122.5,2.0,126.5,1.0,121.0,5.0,126.75,1.0,116.4,5.0,126.9,5.0,52.0,1.0,134.6,5.0,48.0,3.0,,,,,,
330,Germany_Baseload#19#0#10000106,2021-10-26 07:22:04.067000,124.36,1.0,125.0,6.0,123.8,2.0,125.2,10.0,123.55,1.0,125.25,1.0,123.0,1.0,126.0,1.0,122.65,1.0,126.5,1.0,122.5,2.0,126.75,1.0,121.0,5.0,126.9,5.0,116.4,5.0,134.6,5.0,52.0,1.0,,,48.0,3.0,,
331,Germany_Baseload#19#0#10000106,2021-10-26 07:22:04.344000,124.36,1.0,125.0,6.0,123.8,2.0,125.2,10.0,123.55,1.0,125.25,1.0,123.0,1.0,126.0,1.0,122.65,1.0,126.5,1.0,122.5,2.0,126.75,1.0,121.0,5.0,126.9,5.0,116.4,5.0,130.8,5.0,52.0,1.0,,,48.0,3.0,,
332,Germany_Baseload#19#0#10000106,2021-10-26 07:22:13.490000,124.36,1.0,125.0,6.0,123.8,2.0,125.2,10.0,123.55,1.0,125.25,1.0,123.0,1.0,126.0,1.0,122.65,1.0,126.5,1.0,122.5,2.0,126.75,1.0,121.0,5.0,126.9,5.0,116.4,5.0,131.0,5.0,52.0,1.0,,,48.0,3.0,,
333,Germany_Baseload#19#0#10000106,2021-10-26 07:22:17.660000,124.36,1.0,125.0,6.0,123.8,2.0,125.2,10.0,123.55,1.0,125.25,1.0,123.0,1.0,126.0,1.0,122.65,1.0,126.5,1.0,122.5,2.0,126.75,1.0,121.0,5.0,126.9,5.0,116.6,5.0,131.0,5.0,116.4,5.0,,,52.0,1.0,,
334,Germany_Baseload#19#0#10000106,2021-10-26 07:22:17.661000,124.36,1.0,125.0,6.0,123.8,2.0,125.2,10.0,123.55,1.0,125.25,1.0,123.0,1.0,126.0,1.0,122.65,1.0,126.5,1.0,122.5,2.0,126.75,1.0,121.0,5.0,126.9,5.0,116.6,5.0,131.0,5.0,52.0,1.0,,,48.0,3.0,,
335,Germany_Baseload#19#0#10000106,2021-10-26 07:22:22.260000,124.36,1.0,125.0,6.0,123.8,2.0,125.2,10.0,123.55,1.0,125.25,1.0,123.0,1.0,126.0,1.0,122.65,1.0,126.5,1.0,122.5,2.0,126.75,1.0,121.0,5.0,126.9,5.0,116.4,5.0,131.0,5.0,52.0,1.0,,,48.0,3.0,,
336,Germany_Baseload#19#0#10000106,2021-10-26 07:22:46.009000,124.36,1.0,125.0,6.0,123.8,2.0,125.2,10.0,123.55,1.0,125.25,1.0,123.0,1.0,126.0,1.0,122.65,1.0,126.5,1.0,122.5,2.0,126.75,1.0,121.0,5.0,126.9,5.0,52.0,1.0,130.8,5.0,48.0,3.0,,,,,,
337,Germany_Baseload#19#0#10000106,2021-10-26 07:22:46.193000,124.36,1.0,125.0,6.0,123.8,2.0,125.2,10.0,123.55,1.0,125.25,1.0,123.0,1.0,126.0,1.0,122.65,1.0,126.5,1.0,122.5,2.0,126.75,1.0,121.0,5.0,126.9,5.0,116.4,5.0,130.8,5.0,52.0,1.0,,,48.0,3.0,,
338,Germany_Baseload#19#0#10000106,2021-10-26 07:22:46.364000,124.36,1.0,125.0,6.0,123.8,2.0,125.2,10.0,123.55,1.0,125.25,1.0,123.0,1.0,126.0,1.0,122.65,1.0,126.5,1.0,122.5,2.0,126.75,1.0,121.0,5.0,126.9,5.0,116.4,5.0,130.8,5.0,52.0,1.0,,,48.0,3.0,,
339,Germany_Baseload#19#0#10000106,2021-10-26 07:23:07.712000,124.36,1.0,125.0,6.0,123.8,2.0,125.2,10.0,123.55,1.0,125.25,1.0,123.0,1.0,126.0,1.0,122.65,1.0,126.5,1.0,122.5,2.0,126.75,1.0,121.0,5.0,126.9,5.0,52.0,1.0,130.8,5.0,48.0,3.0,,,,,,
340,Germany_Baseload#19#0#10000106,2021-10-26 07:23:08.120000,124.36,1.0,125.0,6.0,123.8,2.0,125.2,10.0,123.55,1.0,125.25,1.0,123.0,1.0,126.0,1.0,122.65,1.0,126.5,1.0,122.5,2.0,126.75,1.0,121.0,5.0,126.9,5.0,116.4,5.0,130.8,5.0,52.0,1.0,,,48.0,3.0,,
341,Germany_Baseload#19#0#10000106,2021-10-26 07:23:20.226000,124.36,1.0,125.0,6.0,123.8,2.0,125.2,10.0,123.55,1.0,125.25,1.0,123.0,1.0,126.0,1.0,122.65,1.0,126.5,1.0,122.5,2.0,126.75,1.0,121.0,5.0,126.9,5.0,52.0,1.0,130.8,5.0,48.0,3.0,,,,,,
342,Germany_Baseload#19#0#10000106,2021-10-26 07:23:20.624000,124.36,1.0,125.0,6.0,123.8,2.0,125.2,10.0,123.55,1.0,125.25,1.0,123.0,1.0,126.0,1.0,122.65,1.0,126.5,1.0,122.5,2.0,126.75,1.0,121.0,5.0,126.9,5.0,116.4,5.0,130.8,5.0,52.0,1.0,,,48.0,3.0,,
343,Germany_Baseload#19#0#10000106,2021-10-26 07:23:33.831000,124.36,1.0,125.0,6.0,123.8,2.0,125.2,10.0,123.55,1.0,125.25,1.0,123.0,1.0,126.0,1.0,122.65,1.0,126.5,1.0,122.5,2.0,126.75,1.0,121.0,5.0,126.9,5.0,116.4,5.0,,,52.0,1.0,,,48.0,3.0,,
344,Germany_Baseload#19#0#10000106,2021-10-26 07:23:57.787000,124.36,1.0,125.0,6.0,123.8,2.0,125.2,10.0,123.55,1.0,125.25,1.0,123.0,1.0,126.0,1.0,122.65,1.0,126.5,1.0,122.5,2.0,126.75,1.0,121.0,5.0,126.9,5.0,52.0,1.0,,,48.0,3.0,,,,,,
345,Germany_Baseload#19#0#10000106,2021-10-26 07:23:58.332000,124.36,1.0,125.0,6.0,123.8,2.0,125.2,10.0,123.55,1.0,125.25,1.0,123.0,1.0,126.0,1.0,122.65,1.0,126.5,1.0,122.5,2.0,126.75,1.0,121.0,5.0,126.9,5.0,116.4,5.0,,,52.0,1.0,,,48.0,3.0,,
346,Germany_Baseload#19#0#10000106,2021-10-26 07:24:10.097000,124.36,1.0,125.0,6.0,123.8,2.0,125.2,10.0,123.55,1.0,125.25,1.0,123.0,1.0,126.0,1.0,122.65,1.0,126.5,1.0,122.5,2.0,126.75,1.0,121.0,5.0,126.9,5.0,116.4,5.0,130.0,1.0,52.0,1.0,,,48.0,3.0,,
347,Germany_Baseload#19#0#10000106,2021-10-26 07:24:28.136000,124.36,1.0,125.0,6.0,123.8,2.0,125.2,10.0,123.55,1.0,125.25,1.0,123.0,1.0,126.0,1.0,122.65,1.0,126.5,1.0,122.5,2.0,126.75,1.0,121.0,5.0,126.9,5.0,52.0,1.0,130.0,1.0,48.0,3.0,,,,,,
348,Germany_Baseload#19#0#10000106,2021-10-26 07:24:29.559000,124.36,1.0,125.0,6.0,123.8,2.0,125.2,10.0,123.55,1.0,125.25,1.0,123.0,1.0,126.0,1.0,122.65,1.0,126.5,1.0,122.5,2.0,126.75,1.0,121.0,5.0,126.9,5.0,116.4,5.0,130.0,1.0,52.0,1.0,,,48.0,3.0,,
349,Germany_Baseload#19#0#10000106,2021-10-26 07:24:31.310000,124.36,1.0,125.0,6.0,123.8,2.0,125.2,10.0,123.55,1.0,125.25,1.0,123.0,1.0,126.0,1.0,122.65,1.0,126.5,1.0,122.5,2.0,126.75,1.0,121.0,5.0,126.9,5.0,52.0,1.0,130.0,1.0,48.0,3.0,,,,,,
350,Germany_Baseload#19#0#10000106,2021-10-26 07:24:31.826000,124.36,1.0,125.0,6.0,123.8,2.0,125.2,10.0,123.55,1.0,125.25,1.0,123.0,1.0,126.0,1.0,122.65,1.0,126.5,1.0,122.5,2.0,126.75,1.0,121.0,5.0,126.9,5.0,116.4,5.0,130.0,1.0,52.0,1.0,,,48.0,3.0,,
351,Germany_Baseload#19#0#10000106,2021-10-26 07:24:36.139000,124.36,1.0,125.0,6.0,123.8,2.0,125.2,10.0,123.55,1.0,125.25,1.0,123.0,1.0,126.0,1.0,122.65,1.0,126.5,1.0,122.5,2.0,126.75,1.0,121.0,5.0,126.9,5.0,116.4,5.0,130.0,1.0,52.0,1.0,130.8,5.0,48.0,3.0,,
352,Germany_Baseload#19#0#10000106,2021-10-26 07:24:37.048000,124.36,1.0,125.0,6.0,123.8,2.0,125.2,10.0,123.55,1.0,125.25,1.0,123.0,1.0,126.0,1.0,122.65,1.0,126.5,1.0,122.5,2.0,126.75,1.0,121.0,5.0,126.9,5.0,52.0,1.0,130.0,1.0,48.0,3.0,130.8,5.0,,,,
353,Germany_Baseload#19#0#10000106,2021-10-26 07:24:37.442000,124.36,1.0,125.0,6.0,123.8,2.0,125.2,10.0,123.55,1.0,125.25,1.0,123.0,1.0,126.0,1.0,122.65,1.0,126.5,1.0,122.5,2.0,126.75,1.0,121.0,5.0,126.9,5.0,116.4,5.0,130.0,1.0,52.0,1.0,130.8,5.0,48.0,3.0,,
354,Germany_Baseload#19#0#10000106,2021-10-26 07:24:40.476000,124.36,1.0,125.0,6.0,123.8,2.0,125.2,10.0,123.55,1.0,125.25,1.0,123.0,1.0,126.0,1.0,122.65,1.0,126.5,1.0,122.5,2.0,126.75,1.0,121.0,5.0,126.9,5.0,52.0,1.0,130.0,1.0,48.0,3.0,130.8,5.0,,,,
355,Germany_Baseload#19#0#10000106,2021-10-26 07:24:43.052000,124.36,1.0,125.0,6.0,123.8,2.0,125.2,10.0,123.55,1.0,125.25,1.0,123.0,1.0,126.0,1.0,122.65,1.0,126.5,1.0,122.5,2.0,126.75,1.0,121.0,5.0,126.9,5.0,116.4,5.0,130.0,1.0,52.0,1.0,130.8,5.0,48.0,3.0,,
356,Germany_Baseload#19#0#10000106,2021-10-26 07:25:07.958000,124.36,1.0,125.0,6.0,123.8,2.0,125.2,10.0,123.55,1.0,125.25,1.0,123.0,1.0,126.0,1.0,122.65,1.0,126.5,1.0,122.5,2.0,126.75,1.0,121.0,5.0,126.9,5.0,52.0,1.0,130.0,1.0,48.0,3.0,130.8,5.0,,,,
357,Germany_Baseload#19#0#10000106,2021-10-26 07:25:08.356000,124.36,1.0,125.0,1.0,123.8,2.0,125.2,10.0,123.55,1.0,125.25,1.0,123.0,1.0,126.0,1.0,122.65,1.0,126.5,1.0,122.5,2.0,126.75,1.0,121.0,5.0,126.9,5.0,116.4,5.0,130.0,1.0,52.0,1.0,130.8,5.0,48.0,3.0,,
358,Germany_Baseload#19#0#10000106,2021-10-26 07:25:08.408000,124.36,1.0,125.0,1.0,123.8,2.0,125.2,10.0,123.55,1.0,125.25,1.0,123.0,1.0,126.0,1.0,122.65,1.0,126.5,1.0,122.5,2.0,126.75,1.0,121.0,5.0,126.9,5.0,52.0,1.0,130.0,1.0,48.0,3.0,130.8,5.0,,,,
359,Germany_Baseload#19#0#10000106,2021-10-26 07:25:08.500000,124.36,1.0,125.0,1.0,123.8,2.0,125.2,10.0,123.55,1.0,125.25,1.0,123.0,1.0,126.0,1.0,122.65,1.0,126.5,1.0,122.5,2.0,126.75,1.0,121.0,5.0,126.9,5.0,52.0,1.0,130.0,1.0,48.0,3.0,130.8,5.0,,,,
360,Germany_Baseload#19#0#10000106,2021-10-26 07:25:11.517000,124.36,1.0,125.0,1.0,123.8,2.0,125.2,10.0,123.55,1.0,125.25,1.0,123.0,1.0,126.0,1.0,122.65,1.0,126.5,1.0,122.5,2.0,126.75,1.0,121.0,5.0,126.9,5.0,116.4,5.0,130.0,1.0,52.0,1.0,130.8,5.0,48.0,3.0,,
361,Germany_Baseload#19#0#10000106,2021-10-26 07:25:19.171000,124.36,1.0,125.0,1.0,123.8,2.0,125.2,10.0,123.55,1.0,125.25,1.0,123.0,1.0,126.0,1.0,122.65,1.0,126.5,1.0,122.5,2.0,126.75,1.0,121.0,5.0,126.9,5.0,52.0,1.0,130.0,1.0,48.0,3.0,130.8,5.0,,,,
362,Germany_Baseload#19#0#10000106,2021-10-26 07:25:21.084000,124.36,1.0,125.0,1.0,123.8,2.0,125.2,10.0,123.55,1.0,125.25,1.0,123.0,1.0,126.0,1.0,122.65,1.0,126.5,1.0,122.5,2.0,126.75,1.0,121.0,5.0,126.9,5.0,116.4,5.0,130.0,1.0,52.0,1.0,130.8,5.0,48.0,3.0,,
363,Germany_Baseload#19#0#10000106,2021-10-26 07:25:21.430000,124.36,1.0,125.0,1.0,123.8,2.0,125.2,10.0,123.55,1.0,125.25,1.0,123.0,1.0,126.0,1.0,122.65,1.0,126.5,1.0,122.5,2.0,126.75,1.0,121.0,5.0,126.9,5.0,52.0,1.0,130.0,1.0,48.0,3.0,130.8,5.0,,,,
364,Germany_Baseload#19#0#10000106,2021-10-26 07:25:23.217000,124.36,1.0,125.0,1.0,123.8,2.0,125.2,10.0,123.55,1.0,125.25,1.0,123.0,1.0,126.0,1.0,122.65,1.0,126.5,1.0,122.5,2.0,126.75,1.0,121.0,5.0,126.9,5.0,116.4,5.0,130.0,1.0,52.0,1.0,130.8,5.0,48.0,3.0,,
365,Germany_Baseload#19#0#10000106,2021-10-26 07:25:27.474000,124.36,1.0,125.0,1.0,123.8,2.0,125.2,10.0,123.55,1.0,125.25,1.0,123.0,1.0,126.0,1.0,122.65,1.0,126.5,1.0,122.5,2.0,126.75,1.0,121.0,5.0,126.9,5.0,116.4,5.0,130.8,5.0,52.0,1.0,,,48.0,3.0,,
366,Germany_Baseload#19#0#10000106,2021-10-26 07:26:25.901000,123.8,2.0,125.0,1.0,123.55,1.0,125.2,10.0,123.0,1.0,125.25,1.0,122.65,1.0,126.0,1.0,122.5,2.0,126.5,1.0,121.0,5.0,126.75,1.0,116.4,5.0,126.9,5.0,52.0,1.0,130.8,5.0,48.0,3.0,,,,,,
367,Germany_Baseload#19#0#10000106,2021-10-26 07:26:44.238000,123.8,2.0,125.0,1.0,123.55,1.0,125.2,10.0,123.0,1.0,125.25,1.0,122.65,1.0,126.0,1.0,122.5,2.0,126.5,1.0,121.0,5.0,126.75,1.0,52.0,1.0,126.9,5.0,48.0,3.0,130.8,5.0,,,,,,,,
368,Germany_Baseload#19#0#10000106,2021-10-26 07:26:44.451000,123.8,2.0,125.0,1.0,123.55,1.0,125.2,10.0,123.0,1.0,125.25,1.0,122.65,1.0,126.0,1.0,122.5,2.0,126.5,1.0,121.0,5.0,126.75,1.0,116.4,5.0,126.9,5.0,52.0,1.0,130.8,5.0,48.0,3.0,,,,,,
369,Germany_Baseload#19#0#10000106,2021-10-26 07:26:45.908000,123.8,2.0,125.0,1.0,123.55,1.0,125.2,10.0,123.0,1.0,125.25,1.0,122.65,1.0,126.0,1.0,122.5,2.0,126.5,5.0,121.0,5.0,126.75,1.0,116.4,5.0,126.9,5.0,52.0,1.0,130.8,5.0,48.0,3.0,,,,,,
370,Germany_Baseload#19#0#10000106,2021-10-26 07:26:47.226000,123.8,2.0,125.0,1.0,123.55,1.0,125.2,10.0,123.0,1.0,125.25,1.0,122.65,5.0,126.0,1.0,122.5,2.0,126.5,5.0,121.0,5.0,126.75,1.0,116.4,5.0,126.9,5.0,52.0,1.0,130.8,5.0,48.0,3.0,,,,,,
371,Germany_Baseload#19#0#10000106,2021-10-26 07:26:50.661000,123.8,2.0,125.0,1.0,123.55,1.0,125.2,10.0,123.0,1.0,125.25,1.0,122.65,5.0,126.0,1.0,122.5,2.0,126.5,5.0,121.0,5.0,126.75,1.0,52.0,1.0,126.9,5.0,48.0,3.0,130.8,5.0,,,,,,,,
372,Germany_Baseload#19#0#10000106,2021-10-26 07:26:50.980000,123.8,2.0,125.0,1.0,123.55,1.0,125.2,10.0,123.0,1.0,125.25,1.0,122.65,5.0,126.0,1.0,122.5,2.0,126.5,5.0,121.0,5.0,126.75,1.0,116.4,5.0,126.9,5.0,52.0,1.0,130.8,5.0,48.0,3.0,,,,,,
373,Germany_Baseload#19#0#10000106,2021-10-26 07:27:21.388000,123.8,2.0,125.0,1.0,123.55,1.0,125.2,10.0,123.0,1.0,125.25,1.0,122.65,5.0,126.0,1.0,122.5,2.0,126.5,5.0,121.0,5.0,126.75,1.0,116.0,5.0,126.9,5.0,52.0,1.0,130.8,5.0,48.0,3.0,,,,,,
374,Germany_Baseload#19#0#10000106,2021-10-26 07:27:25.428000,123.8,2.0,125.0,1.0,123.55,1.0,125.2,10.0,123.0,1.0,125.25,1.0,122.65,5.0,126.0,1.0,122.5,2.0,126.5,5.0,121.0,5.0,126.75,1.0,115.8,5.0,126.9,5.0,52.0,1.0,130.8,5.0,48.0,3.0,,,,,,
375,Germany_Baseload#19#0#10000106,2021-10-26 07:27:26.031000,123.8,2.0,125.0,1.0,123.55,1.0,125.2,10.0,123.0,1.0,125.25,1.0,122.65,5.0,126.0,1.0,122.5,2.0,126.5,5.0,121.0,5.0,126.75,1.0,116.4,5.0,126.9,5.0,115.8,5.0,130.8,5.0,52.0,1.0,,,48.0,3.0,,
376,Germany_Baseload#19#0#10000106,2021-10-26 07:27:26.032000,123.8,2.0,125.0,1.0,123.55,1.0,125.2,10.0,123.0,1.0,125.25,1.0,122.65,5.0,126.0,1.0,122.5,2.0,126.5,5.0,121.0,5.0,126.75,1.0,116.4,5.0,126.9,5.0,52.0,1.0,130.8,5.0,48.0,3.0,,,,,,
377,Germany_Baseload#19#0#10000106,2021-10-26 07:27:27.608000,123.8,2.0,125.0,1.0,123.55,1.0,125.2,10.0,123.0,1.0,125.25,1.0,122.65,5.0,126.0,1.0,122.5,2.0,126.5,5.0,121.0,5.0,126.75,1.0,52.0,1.0,126.9,5.0,48.0,3.0,130.8,5.0,,,,,,,,
378,Germany_Baseload#19#0#10000106,2021-10-26 07:27:30.422000,123.8,2.0,125.0,1.0,123.55,1.0,125.2,10.0,123.0,1.0,125.25,1.0,122.65,5.0,126.0,1.0,122.5,2.0,126.5,5.0,121.0,5.0,126.75,1.0,116.4,5.0,126.9,5.0,52.0,1.0,130.8,5.0,48.0,3.0,,,,,,
379,Germany_Baseload#19#0#10000106,2021-10-26 07:27:51.961000,123.8,2.0,125.0,1.0,123.55,1.0,125.2,10.0,123.0,1.0,125.25,1.0,122.65,5.0,126.0,1.0,122.5,2.0,126.5,5.0,121.0,5.0,126.75,1.0,116.2,5.0,126.9,5.0,52.0,1.0,130.8,5.0,48.0,3.0,,,,,,
380,Germany_Baseload#19#0#10000106,2021-10-26 07:28:10.021000,123.8,2.0,125.0,1.0,123.55,1.0,125.2,10.0,123.0,1.0,125.25,1.0,122.65,5.0,126.0,1.0,122.5,2.0,126.5,5.0,121.0,5.0,126.75,1.0,116.4,5.0,126.9,5.0,52.0,1.0,130.8,5.0,48.0,3.0,,,,,,
381,Germany_Baseload#19#0#10000106,2021-10-26 07:28:10.481000,123.8,2.0,125.0,7.0,123.55,1.0,125.2,10.0,123.0,1.0,125.25,1.0,122.65,5.0,126.0,1.0,122.5,2.0,126.5,5.0,121.0,5.0,126.75,1.0,116.4,5.0,126.9,5.0,52.0,1.0,130.6,5.0,48.0,3.0,,,,,,
382,Germany_Baseload#19#0#10000106,2021-10-26 07:28:14.451000,123.8,2.0,125.0,7.0,123.55,1.0,125.2,10.0,123.0,1.0,125.25,1.0,122.65,5.0,126.0,1.0,122.5,2.0,126.5,5.0,121.0,5.0,126.75,1.0,116.4,5.0,126.9,5.0,52.0,1.0,130.8,5.0,48.0,3.0,,,,,,
383,Germany_Baseload#19#0#10000106,2021-10-26 07:28:38.891000,123.8,2.0,124.85,1.0,123.55,1.0,125.0,7.0,123.0,1.0,125.2,10.0,122.65,5.0,125.25,1.0,122.5,2.0,126.0,1.0,121.0,5.0,126.5,5.0,116.4,5.0,126.75,1.0,52.0,1.0,126.9,5.0,48.0,3.0,130.8,5.0,,,,
384,Germany_Baseload#19#0#10000106,2021-10-26 07:28:44.305000,123.8,2.0,124.85,1.0,123.55,1.0,125.0,7.0,123.43,5.0,125.2,10.0,123.0,1.0,125.25,1.0,122.65,5.0,126.0,1.0,122.5,2.0,126.5,5.0,121.0,5.0,126.75,1.0,116.4,5.0,126.9,5.0,52.0,1.0,130.8,5.0,48.0,3.0,,
385,Germany_Baseload#19#0#10000106,2021-10-26 07:28:44.306000,123.8,2.0,124.85,1.0,123.55,1.0,125.0,7.0,123.43,5.0,125.2,10.0,123.0,1.0,125.23,5.0,122.65,5.0,125.25,1.0,122.5,2.0,126.0,1.0,121.0,5.0,126.5,5.0,116.4,5.0,126.75,1.0,52.0,1.0,126.9,5.0,48.0,3.0,130.8,5.0
386,Germany_Baseload#19#0#10000106,2021-10-26 07:28:48.666000,123.8,2.0,124.85,1.0,123.55,1.0,125.0,7.0,123.43,5.0,125.2,10.0,123.0,1.0,125.23,5.0,122.65,5.0,125.25,1.0,122.5,2.0,126.0,1.0,121.0,5.0,126.45,5.0,116.4,5.0,126.75,1.0,52.0,1.0,126.9,5.0,48.0,3.0,130.8,5.0
387,Germany_Baseload#19#0#10000106,2021-10-26 07:28:50.089000,123.8,2.0,124.85,1.0,123.55,1.0,125.0,7.0,123.43,5.0,125.2,10.0,123.0,1.0,125.23,5.0,122.65,5.0,125.25,1.0,122.5,2.0,126.0,1.0,121.0,5.0,126.4,5.0,116.4,5.0,126.75,1.0,52.0,1.0,126.9,5.0,48.0,3.0,130.8,5.0
388,Germany_Baseload#19#0#10000106,2021-10-26 07:28:50.696000,123.8,2.0,124.85,1.0,123.55,1.0,125.0,7.0,123.43,5.0,125.2,10.0,123.0,1.0,125.23,5.0,122.65,5.0,125.25,1.0,122.5,2.0,126.0,1.0,121.0,5.0,126.35,5.0,116.4,5.0,126.75,1.0,52.0,1.0,126.9,5.0,48.0,3.0,130.8,5.0
389,Germany_Baseload#19#0#10000106,2021-10-26 07:28:50.749000,123.8,2.0,124.85,1.0,123.55,1.0,125.0,7.0,123.43,5.0,125.2,10.0,123.0,1.0,125.23,5.0,122.65,5.0,125.25,1.0,122.5,2.0,126.0,1.0,121.0,5.0,126.35,5.0,116.2,5.0,126.75,1.0,52.0,1.0,126.9,5.0,48.0,3.0,130.8,5.0
390,Germany_Baseload#19#0#10000106,2021-10-26 07:28:51.947000,123.8,2.0,124.85,1.0,123.55,1.0,125.0,7.0,123.43,5.0,125.2,10.0,123.0,1.0,125.23,5.0,122.65,5.0,125.25,1.0,122.5,2.0,126.0,1.0,121.0,5.0,126.35,5.0,116.4,5.0,126.75,1.0,116.2,5.0,126.9,5.0,52.0,1.0,130.8,5.0
391,Germany_Baseload#19#0#10000106,2021-10-26 07:28:51.948000,123.8,2.0,124.85,1.0,123.55,1.0,125.0,7.0,123.43,5.0,125.2,10.0,123.0,1.0,125.23,5.0,122.65,5.0,125.25,1.0,122.5,2.0,126.0,1.0,121.0,5.0,126.35,5.0,116.4,5.0,126.75,1.0,52.0,1.0,126.9,5.0,48.0,3.0,130.8,5.0
392,Germany_Baseload#19#0#10000106,2021-10-26 07:28:54.460000,123.8,2.0,124.85,1.0,123.55,1.0,125.0,7.0,123.43,5.0,125.2,10.0,123.0,1.0,125.23,5.0,122.65,5.0,125.25,1.0,122.5,2.0,126.0,1.0,121.0,5.0,126.35,5.0,116.4,5.0,126.75,1.0,52.0,1.0,126.9,5.0,48.0,3.0,130.6,5.0
393,Germany_Baseload#19#0#10000106,2021-10-26 07:28:59.924000,123.8,2.0,124.85,1.0,123.55,1.0,125.0,7.0,123.43,5.0,125.2,10.0,123.0,1.0,125.23,5.0,122.65,5.0,125.25,1.0,122.5,2.0,126.0,1.0,121.0,5.0,126.35,5.0,116.4,5.0,126.75,1.0,52.0,1.0,126.9,5.0,48.0,3.0,130.8,5.0
394,Germany_Baseload#19#0#10000106,2021-10-26 07:29:26.886000,123.8,2.0,124.85,1.0,123.55,1.0,125.0,7.0,123.43,5.0,125.2,10.0,123.0,1.0,125.23,5.0,122.65,5.0,125.25,1.0,122.5,2.0,126.0,1.0,121.0,5.0,126.1,5.0,116.4,5.0,126.75,1.0,52.0,1.0,126.9,5.0,48.0,3.0,130.8,5.0
395,Germany_Baseload#19#0#10000106,2021-10-26 07:29:33.787000,123.8,2.0,124.85,1.0,123.55,1.0,125.0,7.0,123.43,5.0,125.2,10.0,123.0,1.0,125.23,5.0,122.7,5.0,125.25,1.0,122.65,5.0,126.0,1.0,122.5,2.0,126.1,5.0,121.0,5.0,126.75,1.0,116.4,5.0,126.9,5.0,52.0,1.0,130.8,5.0
396,Germany_Baseload#19#0#10000106,2021-10-26 07:29:33.788000,123.8,2.0,124.85,1.0,123.55,1.0,125.0,7.0,123.43,5.0,125.2,10.0,123.0,1.0,125.23,5.0,122.7,5.0,125.25,1.0,122.5,2.0,126.0,1.0,121.0,5.0,126.1,5.0,116.4,5.0,126.75,1.0,52.0,1.0,126.9,5.0,48.0,3.0,130.8,5.0
397,Germany_Baseload#19#0#10000106,2021-10-26 07:29:39.388000,124.0,1.0,124.85,1.0,123.8,2.0,125.0,7.0,123.55,1.0,125.2,10.0,123.43,5.0,125.23,5.0,123.0,1.0,125.25,1.0,122.7,5.0,126.0,1.0,122.5,2.0,126.1,5.0,121.0,5.0,126.75,1.0,116.4,5.0,126.9,5.0,52.0,1.0,130.8,5.0
398,Germany_Baseload#19#0#10000106,2021-10-26 07:29:39.481000,124.0,2.0,124.85,1.0,123.8,1.0,125.0,7.0,123.55,1.0,125.2,10.0,123.43,5.0,125.23,5.0,123.0,1.0,125.25,1.0,122.7,5.0,126.0,1.0,122.5,2.0,126.1,5.0,121.0,5.0,126.75,1.0,116.4,5.0,126.9,5.0,52.0,1.0,130.8,5.0
399,Germany_Baseload#19#0#10000106,2021-10-26 07:29:39.490000,124.0,2.0,124.85,1.0,123.8,1.0,125.0,7.0,123.55,1.0,125.2,10.0,123.53,5.0,125.23,5.0,123.43,5.0,125.25,1.0,123.0,1.0,126.0,1.0,122.7,5.0,126.1,5.0,122.5,2.0,126.75,1.0,121.0,5.0,126.9,5.0,116.4,5.0,130.8,5.0
400,Germany_Baseload#19#0#10000106,2021-10-26 07:29:39.491000,124.0,2.0,124.85,1.0,123.8,1.0,125.0,7.0,123.55,1.0,125.2,10.0,123.53,5.0,125.25,1.0,123.0,1.0,125.33,5.0,122.7,5.0,126.0,1.0,122.5,2.0,126.1,5.0,121.0,5.0,126.75,1.0,116.4,5.0,126.9,5.0,52.0,1.0,130.8,5.0
401,Germany_Baseload#19#0#10000106,2021-10-26 07:29:53.120000,124.05,1.0,124.85,1.0,124.0,2.0,125.0,7.0,123.55,1.0,125.2,10.0,123.53,5.0,125.25,1.0,123.0,1.0,125.33,5.0,122.7,5.0,126.0,1.0,122.5,2.0,126.1,5.0,121.0,5.0,126.75,1.0,116.4,5.0,126.9,5.0,52.0,1.0,130.8,5.0
402,Germany_Baseload#19#0#10000106,2021-10-26 07:29:53.214000,124.05,2.0,124.85,1.0,124.0,1.0,125.0,7.0,123.55,1.0,125.2,10.0,123.53,5.0,125.25,1.0,123.0,1.0,125.33,5.0,122.7,5.0,126.0,1.0,122.5,2.0,126.1,5.0,121.0,5.0,126.75,1.0,116.4,5.0,126.9,5.0,52.0,1.0,130.8,5.0
403,Germany_Baseload#19#0#10000106,2021-10-26 07:29:53.228000,124.05,2.0,124.85,1.0,124.0,1.0,125.0,7.0,123.55,5.0,125.2,10.0,123.53,5.0,125.25,1.0,123.0,1.0,125.33,5.0,122.7,5.0,126.0,1.0,122.5,2.0,126.1,5.0,121.0,5.0,126.75,1.0,116.4,5.0,126.9,5.0,52.0,1.0,130.8,5.0
404,Germany_Baseload#19#0#10000106,2021-10-26 07:29:53.229000,124.05,2.0,124.85,1.0,124.0,1.0,125.0,7.0,123.55,5.0,125.2,10.0,123.0,1.0,125.25,1.0,122.7,5.0,125.35,5.0,122.5,2.0,126.0,1.0,121.0,5.0,126.1,5.0,116.4,5.0,126.75,1.0,52.0,1.0,126.9,5.0,48.0,3.0,130.8,5.0
405,Germany_Baseload#19#0#10000106,2021-10-26 07:29:57.846000,124.05,2.0,124.85,1.0,124.0,1.0,125.0,7.0,123.55,5.0,125.2,10.0,123.0,1.0,125.35,5.0,122.7,5.0,126.0,1.0,122.5,2.0,126.1,5.0,121.0,5.0,126.75,1.0,116.4,5.0,126.9,5.0,52.0,1.0,130.8,5.0,48.0,3.0,,
406,Germany_Baseload#19#0#10000106,2021-10-26 07:29:57.876000,124.05,2.0,124.85,1.0,124.0,1.0,125.0,7.0,123.55,5.0,125.2,10.0,123.0,1.0,125.35,5.0,122.7,5.0,126.0,1.0,122.5,2.0,126.1,5.0,121.0,5.0,126.75,1.0,116.4,5.0,126.9,5.0,52.0,1.0,130.8,5.0,48.0,3.0,,
407,Germany_Baseload#19#0#10000106,2021-10-26 07:30:30.356000,124.05,2.0,124.85,1.0,124.0,1.0,125.0,7.0,123.55,5.0,125.2,10.0,123.0,1.0,125.35,5.0,122.7,5.0,126.0,1.0,122.5,2.0,126.1,5.0,121.0,5.0,126.75,1.0,116.4,5.0,126.9,5.0,52.0,1.0,130.6,5.0,48.0,3.0,,
408,Germany_Baseload#19#0#10000106,2021-10-26 07:30:38.502000,124.05,2.0,124.85,1.0,124.0,1.0,125.0,7.0,123.55,5.0,125.2,10.0,123.0,1.0,125.35,5.0,122.7,5.0,126.0,1.0,122.5,2.0,126.1,5.0,121.0,5.0,126.75,1.0,116.2,5.0,126.9,5.0,52.0,1.0,130.6,5.0,48.0,3.0,,
409,Germany_Baseload#19#0#10000106,2021-10-26 07:30:40.912000,124.05,2.0,124.85,1.0,124.0,1.0,125.0,7.0,123.55,5.0,125.2,10.0,123.0,1.0,125.35,5.0,122.7,5.0,126.0,1.0,122.5,2.0,126.1,5.0,121.0,5.0,126.75,1.0,116.2,5.0,126.9,5.0,52.0,1.0,130.8,5.0,48.0,3.0,,
410,Germany_Baseload#19#0#10000106,2021-10-26 07:30:43.130000,124.05,2.0,124.85,1.0,124.0,1.0,125.0,7.0,123.55,5.0,125.2,10.0,123.0,1.0,125.35,5.0,122.7,5.0,126.0,1.0,122.5,2.0,126.1,5.0,121.0,5.0,126.75,1.0,116.4,5.0,126.9,5.0,52.0,1.0,130.8,5.0,48.0,3.0,,
411,Germany_Baseload#19#0#10000106,2021-10-26 07:30:44.047000,124.05,2.0,124.85,1.0,124.0,1.0,125.0,7.0,123.55,5.0,125.2,10.0,123.0,1.0,125.35,5.0,122.7,5.0,126.0,1.0,122.5,2.0,126.1,5.0,121.0,5.0,126.75,1.0,116.6,5.0,126.9,5.0,52.0,1.0,130.8,5.0,48.0,3.0,,
412,Germany_Baseload#19#0#10000106,2021-10-26 07:30:47.235000,124.05,2.0,124.85,1.0,124.0,1.0,125.0,7.0,123.55,5.0,125.2,10.0,123.0,1.0,125.35,5.0,122.7,5.0,126.0,1.0,122.5,2.0,126.1,5.0,121.0,5.0,126.75,1.0,116.6,5.0,126.9,5.0,52.0,1.0,130.6,5.0,48.0,3.0,,
413,Germany_Baseload#19#0#10000106,2021-10-26 07:30:51.270000,124.05,2.0,124.85,1.0,124.0,1.0,125.0,7.0,123.55,5.0,125.2,10.0,123.0,1.0,125.35,5.0,122.7,5.0,126.0,1.0,122.5,2.0,126.1,5.0,121.0,5.0,126.75,1.0,116.6,5.0,126.9,5.0,52.0,1.0,130.8,5.0,48.0,3.0,,
414,Germany_Baseload#19#0#10000106,2021-10-26 07:30:59.919000,124.05,2.0,124.85,1.0,124.0,1.0,125.0,7.0,123.55,5.0,125.2,10.0,123.0,1.0,125.35,5.0,122.7,5.0,126.0,1.0,122.5,2.0,126.1,5.0,121.0,5.0,126.75,1.0,116.6,5.0,126.9,5.0,52.0,1.0,130.6,5.0,48.0,3.0,,
415,Germany_Baseload#19#0#10000106,2021-10-26 07:31:04.995000,124.05,2.0,124.85,1.0,124.0,1.0,125.0,7.0,123.55,5.0,125.2,10.0,123.0,1.0,125.35,5.0,122.7,5.0,126.0,1.0,122.5,2.0,126.1,5.0,121.0,5.0,126.75,1.0,116.6,5.0,126.9,5.0,116.4,5.0,130.6,5.0,52.0,1.0,,
416,Germany_Baseload#19#0#10000106,2021-10-26 07:31:04.996000,124.05,2.0,124.85,1.0,124.0,1.0,125.0,7.0,123.55,5.0,125.2,10.0,123.0,1.0,125.35,5.0,122.7,5.0,126.0,1.0,122.5,2.0,126.1,5.0,121.0,5.0,126.75,1.0,116.4,5.0,126.9,5.0,52.0,1.0,130.6,5.0,48.0,3.0,,
417,Germany_Baseload#19#0#10000106,2021-10-26 07:31:05.781000,124.05,2.0,124.85,1.0,124.0,1.0,125.0,7.0,123.55,5.0,125.2,10.0,123.0,1.0,125.35,5.0,122.7,5.0,126.0,1.0,122.5,2.0,126.1,5.0,121.0,5.0,126.75,1.0,116.4,5.0,126.9,5.0,52.0,1.0,130.8,5.0,48.0,3.0,,
418,Germany_Baseload#19#0#10000106,2021-10-26 07:31:06.135000,124.05,2.0,124.85,1.0,124.0,1.0,125.0,7.0,123.55,5.0,125.2,10.0,123.0,1.0,125.35,5.0,122.7,5.0,126.0,1.0,122.5,2.0,126.1,5.0,121.0,5.0,126.75,1.0,116.4,5.0,126.9,5.0,52.0,1.0,130.6,5.0,48.0,3.0,,
419,Germany_Baseload#19#0#10000106,2021-10-26 07:31:12.820000,124.05,2.0,124.85,1.0,124.0,1.0,125.0,7.0,123.55,5.0,125.2,10.0,123.0,1.0,125.35,5.0,122.7,5.0,126.0,1.0,122.5,2.0,126.1,5.0,121.0,5.0,126.75,1.0,116.4,5.0,126.9,5.0,52.0,1.0,130.8,5.0,48.0,3.0,,
420,Germany_Baseload#19#0#10000106,2021-10-26 07:31:13.987000,124.05,2.0,124.85,1.0,124.0,1.0,125.0,7.0,123.55,5.0,125.2,10.0,123.0,1.0,125.35,5.0,122.7,5.0,126.0,1.0,122.5,2.0,126.1,5.0,121.0,5.0,126.75,1.0,116.4,5.0,126.9,5.0,52.0,1.0,130.6,5.0,48.0,3.0,,
421,Germany_Baseload#19#0#10000106,2021-10-26 07:31:23.309000,124.05,2.0,124.85,1.0,124.0,1.0,125.0,7.0,123.55,5.0,125.2,10.0,123.0,1.0,125.35,5.0,122.7,5.0,126.0,1.0,122.5,2.0,126.1,5.0,121.0,5.0,126.75,1.0,116.2,5.0,126.9,5.0,52.0,1.0,130.6,5.0,48.0,3.0,,
422,Germany_Baseload#19#0#10000106,2021-10-26 07:31:27.324000,124.05,2.0,124.85,1.0,124.0,1.0,125.0,7.0,123.55,5.0,125.2,10.0,123.0,1.0,125.35,5.0,122.7,5.0,126.0,1.0,122.5,2.0,126.1,5.0,121.0,5.0,126.75,1.0,116.2,5.0,126.9,5.0,52.0,1.0,,,48.0,3.0,,
423,Germany_Baseload#19#0#10000106,2021-10-26 07:31:27.623000,124.05,2.0,124.85,1.0,124.0,1.0,125.0,7.0,123.55,5.0,125.2,10.0,123.0,1.0,125.35,5.0,122.7,5.0,126.0,1.0,122.5,2.0,126.1,5.0,121.0,5.0,126.75,1.0,116.2,5.0,126.9,5.0,52.0,1.0,131.0,5.0,48.0,3.0,,
424,Germany_Baseload#19#0#10000106,2021-10-26 07:31:31.871000,124.05,2.0,124.85,1.0,124.0,1.0,125.0,7.0,123.55,5.0,125.2,10.0,123.0,1.0,125.35,5.0,122.7,5.0,126.0,1.0,122.5,2.0,126.1,5.0,121.0,5.0,126.75,1.0,116.2,5.0,126.9,5.0,52.0,1.0,130.6,5.0,48.0,3.0,,
425,Germany_Baseload#19#0#10000106,2021-10-26 07:31:35.754000,124.05,2.0,124.85,1.0,124.0,1.0,125.0,7.0,123.55,5.0,125.2,10.0,123.0,1.0,125.35,5.0,122.7,5.0,126.0,1.0,122.5,2.0,126.1,5.0,121.0,5.0,126.75,1.0,116.2,5.0,126.9,5.0,52.0,1.0,134.6,5.0,48.0,3.0,,
426,Germany_Baseload#19#0#10000106,2021-10-26 07:31:35.897000,124.05,2.0,124.85,1.0,124.0,1.0,125.0,7.0,123.55,5.0,125.2,10.0,123.0,1.0,125.35,5.0,122.7,5.0,126.0,1.0,122.5,2.0,126.1,5.0,121.0,5.0,126.75,1.0,116.2,5.0,126.9,5.0,52.0,1.0,131.0,5.0,48.0,3.0,,
427,Germany_Baseload#19#0#10000106,2021-10-26 07:31:43.841000,124.05,1.0,124.85,1.0,124.0,1.0,125.0,7.0,123.55,5.0,125.2,10.0,123.0,1.0,125.35,5.0,122.7,5.0,126.0,1.0,122.5,2.0,126.1,5.0,121.0,5.0,126.75,1.0,116.2,5.0,126.9,5.0,52.0,1.0,131.0,5.0,48.0,3.0,,
428,Germany_Baseload#19#0#10000106,2021-10-26 07:31:43.934000,124.05,2.0,124.85,1.0,124.0,1.0,125.0,7.0,123.55,5.0,125.2,10.0,123.0,1.0,125.35,5.0,122.7,5.0,126.0,1.0,122.5,2.0,126.1,5.0,121.0,5.0,126.75,1.0,116.2,5.0,126.9,5.0,52.0,1.0,131.0,5.0,48.0,3.0,,
429,Germany_Baseload#19#0#10000106,2021-10-26 07:31:44.193000,124.05,1.0,124.85,1.0,124.0,1.0,125.0,7.0,123.55,5.0,125.2,10.0,123.0,1.0,125.35,5.0,122.7,5.0,126.0,1.0,122.5,2.0,126.1,5.0,121.0,5.0,126.75,1.0,116.2,5.0,126.9,5.0,52.0,1.0,131.0,5.0,48.0,3.0,,
430,Germany_Baseload#19#0#10000106,2021-10-26 07:31:44.194000,124.05,1.0,124.85,1.0,124.0,2.0,125.0,7.0,123.55,5.0,125.2,10.0,123.0,1.0,125.35,5.0,122.7,5.0,126.0,1.0,122.5,2.0,126.1,5.0,121.0,5.0,126.75,1.0,116.2,5.0,126.9,5.0,52.0,1.0,131.0,5.0,48.0,3.0,,
431,Germany_Baseload#19#0#10000106,2021-10-26 07:31:44.284000,124.05,1.0,124.85,1.0,124.0,1.0,125.0,7.0,123.55,5.0,125.2,10.0,123.0,1.0,125.35,5.0,122.7,5.0,126.0,1.0,122.5,2.0,126.1,5.0,121.0,5.0,126.75,1.0,116.2,5.0,126.9,5.0,52.0,1.0,131.0,5.0,48.0,3.0,,
432,Germany_Baseload#19#0#10000106,2021-10-26 07:31:45.200000,124.05,1.0,124.85,1.0,124.0,1.0,125.0,7.0,123.55,5.0,125.2,10.0,123.0,1.0,125.35,5.0,122.7,5.0,126.0,1.0,122.5,2.0,126.1,5.0,121.0,5.0,126.75,1.0,116.2,5.0,126.9,5.0,52.0,1.0,130.6,5.0,48.0,3.0,,
433,Germany_Baseload#19#0#10000106,2021-10-26 07:31:45.771000,124.0,1.0,124.85,1.0,123.55,5.0,125.0,7.0,123.0,1.0,125.2,10.0,122.7,5.0,125.35,5.0,122.5,2.0,126.0,1.0,121.0,5.0,126.1,5.0,116.2,5.0,126.75,1.0,52.0,1.0,126.9,5.0,48.0,3.0,130.6,5.0,,,,
434,Germany_Baseload#19#0#10000106,2021-10-26 07:31:46.004000,124.0,1.0,124.85,1.0,123.55,1.0,125.0,7.0,123.53,5.0,125.2,10.0,123.0,1.0,125.33,5.0,122.7,5.0,126.0,1.0,122.5,2.0,126.1,5.0,121.0,5.0,126.75,1.0,116.2,5.0,126.9,5.0,52.0,1.0,130.6,5.0,48.0,3.0,,
435,Germany_Baseload#19#0#10000106,2021-10-26 07:31:55.317000,124.0,1.0,124.85,1.0,123.55,1.0,125.0,7.0,123.53,5.0,125.2,10.0,123.0,1.0,125.33,5.0,122.5,2.0,126.0,1.0,122.4,5.0,126.1,5.0,121.0,5.0,126.75,1.0,116.2,5.0,126.9,5.0,52.0,1.0,130.6,5.0,48.0,3.0,,
436,Germany_Baseload#19#0#10000106,2021-10-26 07:31:55.831000,124.0,1.0,124.85,1.0,123.55,1.0,125.0,7.0,123.53,5.0,125.2,10.0,123.0,1.0,125.33,5.0,122.5,2.0,126.0,1.0,122.4,5.0,126.1,5.0,121.0,5.0,126.75,1.0,116.2,5.0,126.9,5.0,116.0,5.0,130.6,5.0,52.0,1.0,,
437,Germany_Baseload#19#0#10000106,2021-10-26 07:31:55.832000,124.0,1.0,124.85,1.0,123.55,1.0,125.0,7.0,123.53,5.0,125.2,10.0,123.0,1.0,125.33,5.0,122.5,2.0,126.0,1.0,122.4,5.0,126.1,5.0,121.0,5.0,126.75,1.0,116.0,5.0,126.9,5.0,52.0,1.0,130.6,5.0,48.0,3.0,,
438,Germany_Baseload#19#0#10000106,2021-10-26 07:31:58.391000,124.0,1.0,124.85,1.0,123.55,1.0,125.0,7.0,123.53,5.0,125.2,10.0,123.0,1.0,125.33,5.0,122.5,2.0,126.0,1.0,122.4,5.0,126.1,5.0,121.0,5.0,126.75,1.0,116.0,5.0,126.9,5.0,52.0,1.0,,,48.0,3.0,,
439,Germany_Baseload#19#0#10000106,2021-10-26 07:31:58.590000,124.0,1.0,124.85,1.0,123.55,1.0,125.0,7.0,123.53,5.0,125.2,10.0,123.0,1.0,125.33,5.0,122.5,2.0,126.0,1.0,122.4,5.0,126.1,5.0,121.0,5.0,126.75,1.0,116.0,5.0,126.9,5.0,52.0,1.0,130.4,5.0,48.0,3.0,,
440,Germany_Baseload#19#0#10000106,2021-10-26 07:32:09.307000,124.0,1.0,124.85,1.0,123.55,1.0,125.0,7.0,123.53,5.0,125.2,10.0,123.0,1.0,125.33,5.0,122.5,2.0,126.0,1.0,122.4,5.0,126.1,5.0,121.0,5.0,126.75,1.0,116.0,5.0,126.9,5.0,115.8,5.0,130.4,5.0,52.0,1.0,,
441,Germany_Baseload#19#0#10000106,2021-10-26 07:32:09.308000,124.0,1.0,124.85,1.0,123.55,1.0,125.0,7.0,123.53,5.0,125.2,10.0,123.0,1.0,125.33,5.0,122.5,2.0,126.0,1.0,122.4,5.0,126.1,5.0,121.0,5.0,126.75,1.0,115.8,5.0,126.9,5.0,52.0,1.0,130.4,5.0,48.0,3.0,,
442,Germany_Baseload#19#0#10000106,2021-10-26 07:32:10.730000,124.0,1.0,124.85,1.0,123.55,1.0,125.0,7.0,123.53,5.0,125.2,10.0,123.0,1.0,125.33,5.0,122.5,2.0,126.0,1.0,122.4,5.0,126.1,5.0,121.0,5.0,126.75,1.0,52.0,1.0,126.9,5.0,48.0,3.0,130.4,5.0,,,,
443,Germany_Baseload#19#0#10000106,2021-10-26 07:32:10.917000,124.0,1.0,124.85,1.0,123.55,1.0,125.0,7.0,123.53,5.0,125.2,10.0,123.0,1.0,125.33,5.0,122.5,2.0,126.0,1.0,122.4,5.0,126.1,5.0,121.0,5.0,126.75,1.0,115.6,5.0,126.9,5.0,52.0,1.0,130.4,5.0,48.0,3.0,,
444,Germany_Baseload#19#0#10000106,2021-10-26 07:32:12.307000,124.0,1.0,124.5,1.0,123.55,1.0,124.85,1.0,123.53,5.0,125.0,7.0,123.0,1.0,125.2,10.0,122.5,2.0,125.33,5.0,122.4,5.0,126.0,1.0,121.0,5.0,126.1,5.0,115.6,5.0,126.75,1.0,52.0,1.0,126.9,5.0,48.0,3.0,130.4,5.0
445,Germany_Baseload#19#0#10000106,2021-10-26 07:32:12.522000,124.0,1.0,124.5,1.0,123.55,1.0,124.85,1.0,123.53,5.0,125.0,7.0,123.0,1.0,125.2,10.0,122.5,2.0,125.33,5.0,122.4,5.0,126.0,1.0,121.0,5.0,126.1,5.0,115.8,5.0,126.75,1.0,115.6,5.0,126.9,5.0,52.0,1.0,130.4,5.0
446,Germany_Baseload#19#0#10000106,2021-10-26 07:32:12.523000,124.0,1.0,124.5,1.0,123.55,1.0,124.85,1.0,123.53,5.0,125.0,7.0,123.0,1.0,125.2,10.0,122.5,2.0,125.33,5.0,122.4,5.0,126.0,1.0,121.0,5.0,126.1,5.0,115.8,5.0,126.75,1.0,52.0,1.0,126.9,5.0,48.0,3.0,130.4,5.0
447,Germany_Baseload#19#0#10000106,2021-10-26 07:32:12.533000,124.0,1.0,124.5,1.0,123.55,1.0,124.85,1.0,123.35,5.0,125.0,7.0,123.0,1.0,125.15,5.0,122.5,2.0,125.2,10.0,122.4,5.0,126.0,1.0,121.0,5.0,126.1,5.0,115.8,5.0,126.75,1.0,52.0,1.0,126.9,5.0,48.0,3.0,130.4,5.0
448,Germany_Baseload#19#0#10000106,2021-10-26 07:32:18.776000,124.0,1.0,124.5,1.0,123.35,5.0,124.85,1.0,123.0,1.0,125.0,7.0,122.5,2.0,125.15,5.0,122.4,5.0,125.2,10.0,121.0,5.0,126.0,1.0,115.8,5.0,126.1,5.0,52.0,1.0,126.75,1.0,48.0,3.0,126.9,5.0,,,130.4,5.0
